  <div class='ocr_page' id='page_1' title='image "/cluster/home/n/w/nwhite01/storage/ocr_20150623/53-54/hvd.32044012465829/481.png"; bbox 0 0 3730 6268; ppageno 0'>
   <div class='ocr_carea' id='block_1_1' title="bbox 365 312 469 371">
    <p class='ocr_par' dir='ltr' id='par_1_1' title="bbox 365 312 469 371">
     <span class='ocr_line' id='line_1_1' title="bbox 365 312 469 371; baseline 0.029 -4"><span class='ocrx_word' id='word_1_1' title='bbox 365 312 469 371; x_wconf 73' lang='grc'><strong>475</strong></span> 
     </span>
    </p>
   </div>
   <div class='ocr_carea' id='block_1_2' title="bbox 365 412 1933 495">
    <p class='ocr_par' dir='ltr' id='par_1_2' title="bbox 365 412 1933 495">
     <span class='ocr_line' id='line_1_2' title="bbox 365 412 1933 495; baseline -0.011 -13"><span class='ocrx_word' id='word_1_2' title='bbox 365 428 418 482; x_wconf 91' lang='lat' dir='ltr'><strong>in</strong></span> <span class='ocrx_word' id='word_1_3' title='bbox 462 422 908 495; x_wconf 70' lang='lat' dir='ltr'><strong>peregrinatione,</strong></span> <span class='ocrx_word' id='word_1_4' title='bbox 954 429 1009 475; x_wconf 90' lang='lat' dir='ltr'><strong>et</strong></span> <span class='ocrx_word' id='word_1_5' title='bbox 1057 434 1182 473; x_wconf 86' lang='lat' dir='ltr'><strong>eum</strong></span> <span class='ocrx_word' id='word_1_6' title='bbox 1234 419 1423 472; x_wconf 81' lang='lat' dir='ltr'><strong>iterum</strong></span> <span class='ocrx_word' id='word_1_7' title='bbox 1478 412 1933 470; x_wconf 87' lang='lat' dir='ltr'><strong>benedictionibus</strong></span> 
     </span>
    </p>
   </div>
   <div class='ocr_carea' id='block_1_3' title="bbox 363 507 1931 573">
    <p class='ocr_par' dir='ltr' id='par_1_3' title="bbox 363 507 1931 573">
     <span class='ocr_line' id='line_1_3' title="bbox 363 507 1931 573; baseline -0.011 -1"><span class='ocrx_word' id='word_1_8' title='bbox 363 516 644 573; x_wconf 70' lang='lat' dir='ltr'><strong>conﬁrmat</strong></span> <span class='ocrx_word' id='word_1_9' title='bbox 668 529 731 568; x_wconf 85' lang='lat' dir='ltr'><strong>ac</strong></span> <span class='ocrx_word' id='word_1_10' title='bbox 758 513 885 568; x_wconf 83' lang='lat' dir='ltr'><strong>dicit</strong></span> <span class='ocrx_word' id='word_1_11' title='bbox 912 530 925 566; x_wconf 89' lang='lat'><strong>:</strong></span> <span class='ocrx_word' id='word_1_12' title='bbox 951 512 1005 566; x_wconf 81' lang='grc'><strong>5.</strong></span> <span class='ocrx_word' id='word_1_13' title='bbox 1029 510 1167 564; x_wconf 90' lang='lat' dir='ltr'><strong>Deus</strong></span> <span class='ocrx_word' id='word_1_14' title='bbox 1206 520 1370 563; x_wconf 69' lang='lat' dir='ltr'><strong>autem</strong></span> <span class='ocrx_word' id='word_1_15' title='bbox 1406 524 1545 561; x_wconf 83' lang='lat' dir='ltr'><strong>meus</strong></span> <span class='ocrx_word' id='word_1_16' title='bbox 1582 507 1831 560; x_wconf 75' lang='lat' dir='ltr'><strong>benedice:</strong></span> <span class='ocrx_word' id='word_1_17' title='bbox 1863 514 1931 564; x_wconf 81' lang='lat' dir='ltr'><strong>te,</strong></span> 
     </span>
    </p>
   </div>
   <div class='ocr_carea' id='block_1_4' title="bbox 365 596 1934 677">
    <p class='ocr_par' dir='ltr' id='par_1_4' title="bbox 365 596 1934 677">
     <span class='ocr_line' id='line_1_4' title="bbox 365 596 1934 677; baseline -0.01 -15"><span class='ocrx_word' id='word_1_18' title='bbox 365 619 412 662; x_wconf 82' lang='lat' dir='ltr'><strong>et</strong></span> <span class='ocrx_word' id='word_1_19' title='bbox 435 606 634 677; x_wconf 77' lang='lat' dir='ltr'><strong>augebit</strong></span> <span class='ocrx_word' id='word_1_20' title='bbox 650 616 717 670; x_wconf 88' lang='lat' dir='ltr'><strong>te,</strong></span> <span class='ocrx_word' id='word_1_21' title='bbox 736 614 784 660; x_wconf 87' lang='lat' dir='ltr'><strong>et</strong></span> <span class='ocrx_word' id='word_1_22' title='bbox 807 602 1157 673; x_wconf 82' lang='lat' dir='ltr'><strong>multiplicabit</strong></span> <span class='ocrx_word' id='word_1_23' title='bbox 1180 611 1246 668; x_wconf 91' lang='lat' dir='ltr'><strong>te,</strong></span> <span class='ocrx_word' id='word_1_24' title='bbox 1268 610 1316 655; x_wconf 86' lang='lat' dir='ltr'><strong>et</strong></span> <span class='ocrx_word' id='word_1_25' title='bbox 1335 601 1432 656; x_wconf 88' lang='lat' dir='ltr'><strong>eris</strong></span> <span class='ocrx_word' id='word_1_26' title='bbox 1449 601 1505 654; x_wconf 89' lang='lat' dir='ltr'><strong>in</strong></span> <span class='ocrx_word' id='word_1_27' title='bbox 1532 596 1934 669; x_wconf 76' lang='lat' dir='ltr'><strong>congregationes</strong></span> 
     </span>
    </p>
   </div>
   <div class='ocr_carea' id='block_1_5' title="bbox 364 688 1936 766">
    <p class='ocr_par' dir='ltr' id='par_1_5' title="bbox 364 688 1936 766">
     <span class='ocr_line' id='line_1_5' title="bbox 364 688 1936 766; baseline -0.006 -15"><span class='ocrx_word' id='word_1_28' title='bbox 364 701 607 766; x_wconf 74' lang='lat' dir='ltr'><strong>gantiam,</strong></span> <span class='ocrx_word' id='word_1_29' title='bbox 646 697 701 750; x_wconf 73' lang='grc'><strong>4.</strong></span> <span class='ocrx_word' id='word_1_30' title='bbox 742 705 792 749; x_wconf 85' lang='lat' dir='ltr'><strong>et</strong></span> <span class='ocrx_word' id='word_1_31' title='bbox 826 694 964 748; x_wconf 89' lang='lat' dir='ltr'><strong>dabit</strong></span> <span class='ocrx_word' id='word_1_32' title='bbox 1001 694 1090 747; x_wconf 89' lang='lat' dir='ltr'><strong>tibi</strong></span> <span class='ocrx_word' id='word_1_33' title='bbox 1128 692 1514 747; x_wconf 72' lang='lat' dir='ltr'><strong>benedictionem</strong></span> <span class='ocrx_word' id='word_1_34' title='bbox 1538 691 1755 743; x_wconf 73' lang='lat' dir='ltr'><strong>Abralta:</strong></span> <span class='ocrx_word' id='word_1_35' title='bbox 1777 688 1936 759; x_wconf 77' lang='lat' dir='ltr'><strong>patris</strong></span> 
     </span>
    </p>
   </div>
   <div class='ocr_carea' id='block_1_6' title="bbox 365 780 1938 856">
    <p class='ocr_par' dir='ltr' id='par_1_6' title="bbox 365 780 1938 856">
     <span class='ocr_line' id='line_1_6' title="bbox 365 780 1938 856; baseline -0.006 -15"><span class='ocrx_word' id='word_1_36' title='bbox 365 789 483 852; x_wconf 81' lang='lat' dir='ltr'><strong>mei,</strong></span> <span class='ocrx_word' id='word_1_37' title='bbox 517 788 605 841; x_wconf 83' lang='lat' dir='ltr'><strong>tibi</strong></span> <span class='ocrx_word' id='word_1_38' title='bbox 637 797 685 840; x_wconf 79' lang='lat' dir='ltr'><strong>et</strong></span> <span class='ocrx_word' id='word_1_39' title='bbox 711 787 891 841; x_wconf 86' lang='lat' dir='ltr'><strong>semini</strong></span> <span class='ocrx_word' id='word_1_40' title='bbox 929 796 1017 840; x_wconf 87' lang='lat' dir='ltr'><strong>tuo</strong></span> <span class='ocrx_word' id='word_1_41' title='bbox 1055 795 1165 856; x_wconf 84' lang='lat' dir='ltr'><strong>post</strong></span> <span class='ocrx_word' id='word_1_42' title='bbox 1194 796 1272 839; x_wconf 85' lang='lat' dir='ltr'><strong>te:</strong></span> <span class='ocrx_word' id='word_1_43' title='bbox 1292 793 1348 839; x_wconf 83' lang='lat' dir='ltr'><strong>ut</strong></span> <span class='ocrx_word' id='word_1_44' title='bbox 1371 785 1423 838; x_wconf 90' lang='lat' dir='ltr'><strong>in</strong></span> <span class='ocrx_word' id='word_1_45' title='bbox 1457 783 1778 837; x_wconf 84' lang='lat' dir='ltr'><strong>hereditatem</strong></span> <span class='ocrx_word' id='word_1_46' title='bbox 1805 780 1938 833; x_wconf 86' lang='lat' dir='ltr'><strong>acci-</strong></span> 
     </span>
    </p>
   </div>
   <div class='ocr_carea' id='block_1_7' title="bbox 369 868 1938 946">
    <p class='ocr_par' dir='ltr' id='par_1_7' title="bbox 369 868 1938 946">
     <span class='ocr_line' id='line_1_7' title="bbox 369 868 1938 946; baseline -0.006 -15"><span class='ocrx_word' id='word_1_47' title='bbox 369 876 480 945; x_wconf 72' lang='lat' dir='ltr'><strong>pias</strong></span> <span class='ocrx_word' id='word_1_48' title='bbox 527 887 712 930; x_wconf 67' lang='lat' dir='ltr'><strong>terram</strong></span> <span class='ocrx_word' id='word_1_49' title='bbox 762 875 1173 946; x_wconf 78' lang='lat' dir='ltr'><strong>peregrinationis</strong></span> <span class='ocrx_word' id='word_1_50' title='bbox 1222 884 1355 939; x_wconf 77' lang='lat' dir='ltr'><strong>tute,</strong></span> <span class='ocrx_word' id='word_1_51' title='bbox 1413 888 1564 941; x_wconf 83' lang='lat' dir='ltr'><strong>quam</strong></span> <span class='ocrx_word' id='word_1_52' title='bbox 1609 871 1745 924; x_wconf 88' lang='lat' dir='ltr'><strong>dedit</strong></span> <span class='ocrx_word' id='word_1_53' title='bbox 1799 868 1938 923; x_wconf 84' lang='lat' dir='ltr'><strong>Deus</strong></span> 
     </span>
    </p>
   </div>
   <div class='ocr_carea' id='block_1_8' title="bbox 368 960 1939 1035">
    <p class='ocr_par' dir='ltr' id='par_1_8' title="bbox 368 960 1939 1035">
     <span class='ocr_line' id='line_1_8' title="bbox 368 960 1939 1035; baseline -0.004 -16"><span class='ocrx_word' id='word_1_54' title='bbox 368 966 605 1019; x_wconf 77' lang='lat' dir='ltr'><strong>Abralns.</strong></span> <span class='ocrx_word' id='word_1_55' title='bbox 634 964 763 1020; x_wconf 85' lang='lat' dir='ltr'><strong>Vide</strong></span> <span class='ocrx_word' id='word_1_56' title='bbox 788 964 1054 1035; x_wconf 88' lang='lat' dir='ltr'><strong>quomodo</strong></span> <span class='ocrx_word' id='word_1_57' title='bbox 1078 964 1253 1033; x_wconf 90' lang='lat' dir='ltr'><strong>justus</strong></span> <span class='ocrx_word' id='word_1_58' title='bbox 1293 962 1531 1033; x_wconf 68' lang='lat' dir='ltr'><strong>praedicit</strong></span> <span class='ocrx_word' id='word_1_59' title='bbox 1565 962 1614 1018; x_wconf 92' lang='lat' dir='ltr'><strong>ei</strong></span> <span class='ocrx_word' id='word_1_60' title='bbox 1648 960 1849 1027; x_wconf 85' lang='lat' dir='ltr'><strong>omnia,</strong></span> <span class='ocrx_word' id='word_1_61' title='bbox 1874 974 1939 1013; x_wconf 89' lang='lat' dir='ltr'><strong>ac</strong></span> 
     </span>
    </p>
   </div>
   <div class='ocr_carea' id='block_1_9' title="bbox 368 1051 1940 1124">
    <p class='ocr_par' dir='ltr' id='par_1_9' title="bbox 368 1051 1940 1124">
     <span class='ocr_line' id='line_1_9' title="bbox 368 1051 1940 1124; baseline -0.001 -16"><span class='ocrx_word' id='word_1_62' title='bbox 368 1054 507 1109; x_wconf 89' lang='lat' dir='ltr'><strong>bona</strong></span> <span class='ocrx_word' id='word_1_63' title='bbox 543 1055 591 1110; x_wconf 89' lang='lat' dir='ltr'><strong>ei</strong></span> <span class='ocrx_word' id='word_1_64' title='bbox 617 1055 803 1110; x_wconf 84' lang='lat' dir='ltr'><strong>viatica</strong></span> <span class='ocrx_word' id='word_1_65' title='bbox 828 1055 919 1109; x_wconf 90' lang='lat' dir='ltr'><strong>dat</strong></span> <span class='ocrx_word' id='word_1_66' title='bbox 946 1063 1000 1110; x_wconf 91' lang='lat' dir='ltr'><strong>et</strong></span> <span class='ocrx_word' id='word_1_67' title='bbox 1049 1055 1273 1110; x_wconf 90' lang='lat' dir='ltr'><strong>solatia:</strong></span> <span class='ocrx_word' id='word_1_68' title='bbox 1309 1054 1548 1124; x_wconf 65' lang='lat' dir='ltr'><strong>praedicit</strong></span> <span class='ocrx_word' id='word_1_69' title='bbox 1575 1053 1718 1109; x_wconf 92' lang='lat' dir='ltr'><strong>enim</strong></span> <span class='ocrx_word' id='word_1_70' title='bbox 1745 1053 1794 1107; x_wconf 92' lang='lat' dir='ltr'><strong>ei</strong></span> <span class='ocrx_word' id='word_1_71' title='bbox 1818 1051 1940 1106; x_wconf 88' lang='lat' dir='ltr'><strong>red-</strong></span> 
     </span>
    </p>
   </div>
   <div class='ocr_carea' id='block_1_10' title="bbox 372 1143 1941 1214">
    <p class='ocr_par' dir='ltr' id='par_1_10' title="bbox 372 1143 1941 1214">
     <span class='ocr_line' id='line_1_10' title="bbox 372 1143 1941 1214; baseline -0.001 -17"><span class='ocrx_word' id='word_1_72' title='bbox 372 1144 510 1198; x_wconf 87' lang='lat' dir='ltr'><strong>itum</strong></span> <span class='ocrx_word' id='word_1_73' title='bbox 547 1144 998 1214; x_wconf 75' lang='lat' dir='ltr'><strong>hereditatemque</strong></span> <span class='ocrx_word' id='word_1_74' title='bbox 1036 1152 1213 1211; x_wconf 66' lang='lat' dir='ltr'><strong>terraa,</strong></span> <span class='ocrx_word' id='word_1_75' title='bbox 1238 1144 1471 1198; x_wconf 91' lang='lat' dir='ltr'><strong>futurum</strong></span> <span class='ocrx_word' id='word_1_76' title='bbox 1510 1158 1629 1198; x_wconf 86' lang='lat' dir='ltr'><strong>esse</strong></span> <span class='ocrx_word' id='word_1_77' title='bbox 1672 1143 1855 1197; x_wconf 90' lang='lat' dir='ltr'><strong>dicens</strong></span> <span class='ocrx_word' id='word_1_78' title='bbox 1882 1152 1941 1196; x_wconf 94' lang='lat' dir='ltr'><strong>ut</strong></span> 
     </span>
    </p>
   </div>
   <div class='ocr_carea' id='block_1_11' title="bbox 368 1234 1942 1307">
    <p class='ocr_par' dir='ltr' id='par_1_11' title="bbox 368 1234 1942 1307">
     <span class='ocr_line' id='line_1_11' title="bbox 368 1234 1942 1307; baseline 0.001 -21"><span class='ocrx_word' id='word_1_79' title='bbox 368 1250 473 1288; x_wconf 88' lang='lat' dir='ltr'><strong>non</strong></span> <span class='ocrx_word' id='word_1_80' title='bbox 494 1234 666 1288; x_wconf 91' lang='lat' dir='ltr'><strong>solum</strong></span> <span class='ocrx_word' id='word_1_81' title='bbox 693 1235 744 1289; x_wconf 92' lang='lat' dir='ltr'><strong>in</strong></span> <span class='ocrx_word' id='word_1_82' title='bbox 766 1235 1153 1307; x_wconf 89' lang='lat' dir='ltr'><strong>multitudinem</strong></span> <span class='ocrx_word' id='word_1_83' title='bbox 1176 1243 1396 1299; x_wconf 90' lang='lat' dir='ltr'><strong>crescat,</strong></span> <span class='ocrx_word' id='word_1_84' title='bbox 1417 1235 1510 1290; x_wconf 90' lang='lat' dir='ltr'><strong>sed</strong></span> <span class='ocrx_word' id='word_1_85' title='bbox 1536 1235 1693 1289; x_wconf 89' lang='lat' dir='ltr'><strong>etiam</strong></span> <span class='ocrx_word' id='word_1_86' title='bbox 1718 1248 1942 1303; x_wconf 86' lang='lat' dir='ltr'><strong>congre-</strong></span> 
     </span>
    </p>
   </div>
   <div class='ocr_carea' id='block_1_12' title="bbox 372 1325 1940 1396">
    <p class='ocr_par' dir='ltr' id='par_1_12' title="bbox 372 1325 1940 1396">
     <span class='ocr_line' id='line_1_12' title="bbox 372 1325 1940 1396; baseline -0.001 -18"><span class='ocrx_word' id='word_1_87' title='bbox 372 1325 616 1395; x_wconf 87' lang='lat' dir='ltr'><strong>gationes</strong></span> <span class='ocrx_word' id='word_1_88' title='bbox 651 1326 886 1395; x_wconf 88' lang='lat' dir='ltr'><strong>gentium</strong></span> <span class='ocrx_word' id='word_1_89' title='bbox 932 1342 997 1381; x_wconf 83' lang='lat' dir='ltr'><strong>ex</strong></span> <span class='ocrx_word' id='word_1_90' title='bbox 1036 1326 1244 1381; x_wconf 89' lang='lat' dir='ltr'><strong>semine</strong></span> <span class='ocrx_word' id='word_1_91' title='bbox 1282 1326 1396 1396; x_wconf 90' lang='lat' dir='ltr'><strong>ejus</strong></span> <span class='ocrx_word' id='word_1_92' title='bbox 1425 1325 1779 1396; x_wconf 76' lang='lat' dir='ltr'><strong>egrediantur.</strong></span> <span class='ocrx_word' id='word_1_93' title='bbox 1811 1325 1940 1390; x_wconf 70' lang='lat' dir='ltr'><strong>Quas</strong></span> 
     </span>
    </p>
   </div>
   <div class='ocr_carea' id='block_1_13' title="bbox 372 1414 1942 1485">
    <p class='ocr_par' dir='ltr' id='par_1_13' title="bbox 372 1414 1942 1485">
     <span class='ocr_line' id='line_1_13' title="bbox 372 1414 1942 1485; baseline 0 -16"><span class='ocrx_word' id='word_1_94' title='bbox 372 1423 433 1469; x_wconf 92' lang='lat' dir='ltr'><strong>ut</strong></span> <span class='ocrx_word' id='word_1_95' title='bbox 468 1414 668 1469; x_wconf 83' lang='lat' dir='ltr'><strong>audivit</strong></span> <span class='ocrx_word' id='word_1_96' title='bbox 711 1416 869 1482; x_wconf 92' lang='lat' dir='ltr'><strong>ﬁlius,</strong></span> <span class='ocrx_word' id='word_1_97' title='bbox 919 1417 1159 1485; x_wconf 88' lang='lat' dir='ltr'><strong>implevit</strong></span> <span class='ocrx_word' id='word_1_98' title='bbox 1193 1416 1341 1485; x_wconf 89' lang='lat' dir='ltr'><strong>jussa</strong></span> <span class='ocrx_word' id='word_1_99' title='bbox 1372 1416 1566 1485; x_wconf 86' lang='lat' dir='ltr'><strong>patris,</strong></span> <span class='ocrx_word' id='word_1_100' title='bbox 1593 1422 1649 1469; x_wconf 90' lang='lat' dir='ltr'><strong>et</strong></span> <span class='ocrx_word' id='word_1_101' title='bbox 1675 1414 1942 1485; x_wconf 90' lang='lat' dir='ltr'><strong>profectus</strong></span> 
     </span>
    </p>
   </div>
   <div class='ocr_carea' id='block_1_14' title="bbox 364 1502 1945 1575">
    <p class='ocr_par' dir='ltr' id='par_1_14' title="bbox 364 1502 1945 1575">
     <span class='ocr_line' id='line_1_14' title="bbox 364 1502 1945 1575; baseline 0 -18"><span class='ocrx_word' id='word_1_102' title='bbox 364 1514 452 1558; x_wconf 84' lang='lat' dir='ltr'><strong>est</strong></span> <span class='ocrx_word' id='word_1_103' title='bbox 484 1506 537 1559; x_wconf 90' lang='lat' dir='ltr'><strong>in</strong></span> <span class='ocrx_word' id='word_1_104' title='bbox 582 1506 1012 1575; x_wconf 77' lang='lat' dir='ltr'><strong>MeSOpotamiam</strong></span> <span class='ocrx_word' id='word_1_105' title='bbox 1051 1506 1117 1561; x_wconf 90' lang='lat' dir='ltr'><strong>ad</strong></span> <span class='ocrx_word' id='word_1_106' title='bbox 1159 1506 1336 1561; x_wconf 86' lang='lat' dir='ltr'><strong>Laban</strong></span> <span class='ocrx_word' id='word_1_107' title='bbox 1377 1507 1563 1559; x_wconf 81' lang='lat' dir='ltr'><strong>matris</strong></span> <span class='ocrx_word' id='word_1_108' title='bbox 1604 1505 1845 1559; x_wconf 79' lang='lat' dir='ltr'><strong>fratrem.</strong></span> <span class='ocrx_word' id='word_1_109' title='bbox 1874 1502 1945 1558; x_wconf 87' lang='lat' dir='ltr'><strong>Et</strong></span> 
     </span>
    </p>
   </div>
   <div class='ocr_carea' id='block_1_15' title="bbox 370 1592 1944 1665">
    <p class='ocr_par' dir='ltr' id='par_1_15' title="bbox 370 1592 1944 1665">
     <span class='ocr_line' id='line_1_15' title="bbox 370 1592 1944 1665; baseline 0.001 -18"><span class='ocrx_word' id='word_1_110' title='bbox 370 1592 584 1660; x_wconf 84' lang='lat' dir='ltr'><strong>iterum,</strong></span> <span class='ocrx_word' id='word_1_111' title='bbox 608 1603 664 1648; x_wconf 91' lang='lat' dir='ltr'><strong>ut</strong></span> <span class='ocrx_word' id='word_1_112' title='bbox 688 1595 787 1649; x_wconf 85' lang='lat' dir='ltr'><strong>hoc</strong></span> <span class='ocrx_word' id='word_1_113' title='bbox 814 1595 994 1651; x_wconf 89' lang='lat' dir='ltr'><strong>didicit</strong></span> <span class='ocrx_word' id='word_1_114' title='bbox 1025 1597 1184 1657; x_wconf 79' lang='lat' dir='ltr'><strong>Esau,</strong></span> <span class='ocrx_word' id='word_1_115' title='bbox 1226 1610 1418 1665; x_wconf 86' lang='lat' dir='ltr'><strong>nempe</strong></span> <span class='ocrx_word' id='word_1_116' title='bbox 1441 1595 1698 1649; x_wconf 82' lang='lat' dir='ltr'><strong>Jacobum</strong></span> <span class='ocrx_word' id='word_1_117' title='bbox 1725 1593 1944 1649; x_wconf 85' lang='lat' dir='ltr'><strong>benedi-</strong></span> 
     </span>
    </p>
   </div>
   <div class='ocr_carea' id='block_1_16' title="bbox 368 1684 1943 1755">
    <p class='ocr_par' dir='ltr' id='par_1_16' title="bbox 368 1684 1943 1755">
     <span class='ocr_line' id='line_1_16' title="bbox 368 1684 1943 1755; baseline 0.001 -19"><span class='ocrx_word' id='word_1_118' title='bbox 368 1693 513 1737; x_wconf 90' lang='lat' dir='ltr'><strong>ctum</strong></span> <span class='ocrx_word' id='word_1_119' title='bbox 539 1685 701 1740; x_wconf 80' lang='lat' dir='ltr'><strong>fuisse</strong></span> <span class='ocrx_word' id='word_1_120' title='bbox 724 1701 755 1740; x_wconf 89' lang='lat' dir='ltr'><strong>a</strong></span> <span class='ocrx_word' id='word_1_121' title='bbox 787 1694 954 1754; x_wconf 88' lang='lat' dir='ltr'><strong>patre,</strong></span> <span class='ocrx_word' id='word_1_122' title='bbox 978 1695 1032 1740; x_wconf 91' lang='lat' dir='ltr'><strong>et</strong></span> <span class='ocrx_word' id='word_1_123' title='bbox 1058 1686 1363 1741; x_wconf 87' lang='lat' dir='ltr'><strong>mandatum</strong></span> <span class='ocrx_word' id='word_1_124' title='bbox 1391 1686 1659 1755; x_wconf 89' lang='lat' dir='ltr'><strong>accepisse</strong></span> <span class='ocrx_word' id='word_1_125' title='bbox 1686 1700 1753 1739; x_wconf 86' lang='lat' dir='ltr'><strong>ne</strong></span> <span class='ocrx_word' id='word_1_126' title='bbox 1778 1684 1943 1738; x_wconf 83' lang='lat' dir='ltr'><strong>duce-</strong></span> 
     </span>
    </p>
   </div>
   <div class='ocr_carea' id='block_1_17' title="bbox 370 1776 1945 1843">
    <p class='ocr_par' dir='ltr' id='par_1_17' title="bbox 370 1776 1945 1843">
     <span class='ocr_line' id='line_1_17' title="bbox 370 1776 1945 1843; baseline 0.003 -17"><span class='ocrx_word' id='word_1_127' title='bbox 370 1781 457 1827; x_wconf 84' lang='lat' dir='ltr'><strong>ret</strong></span> <span class='ocrx_word' id='word_1_128' title='bbox 474 1789 696 1828; x_wconf 76' lang='lat' dir='ltr'><strong>uxorem</strong></span> <span class='ocrx_word' id='word_1_129' title='bbox 721 1791 786 1829; x_wconf 84' lang='lat' dir='ltr'><strong>ex</strong></span> <span class='ocrx_word' id='word_1_130' title='bbox 813 1776 1018 1831; x_wconf 85' lang='lat' dir='ltr'><strong>filiabus</strong></span> <span class='ocrx_word' id='word_1_131' title='bbox 1036 1776 1476 1843; x_wconf 70' lang='lat' dir='ltr'><strong>Chauanmorum,</strong></span> <span class='ocrx_word' id='word_1_132' title='bbox 1491 1778 1585 1831; x_wconf 88' lang='lat' dir='ltr'><strong>sed</strong></span> <span class='ocrx_word' id='word_1_133' title='bbox 1607 1776 1945 1832; x_wconf 85' lang='lat' dir='ltr'><strong>contendisse</strong></span> 
     </span>
    </p>
   </div>
   <div class='ocr_carea' id='block_1_18' title="bbox 371 1862 1946 1937">
    <p class='ocr_par' dir='ltr' id='par_1_18' title="bbox 371 1862 1946 1937">
     <span class='ocr_line' id='line_1_18' title="bbox 371 1862 1946 1937; baseline 0.003 -20"><span class='ocrx_word' id='word_1_134' title='bbox 371 1862 427 1917; x_wconf 87' lang='lat' dir='ltr'><strong>in</strong></span> <span class='ocrx_word' id='word_1_135' title='bbox 468 1862 945 1932; x_wconf 76' lang='lat' dir='ltr'><strong>Mesopotamiam:</strong></span> <span class='ocrx_word' id='word_1_136' title='bbox 988 1868 1137 1935; x_wconf 84' lang='lat' dir='ltr'><strong>quasi</strong></span> <span class='ocrx_word' id='word_1_137' title='bbox 1182 1868 1450 1937; x_wconf 76' lang='lat' dir='ltr'><strong>corrigere</strong></span> <span class='ocrx_word' id='word_1_138' title='bbox 1491 1868 1674 1922; x_wconf 86' lang='lat' dir='ltr'><strong>volens</strong></span> <span class='ocrx_word' id='word_1_139' title='bbox 1709 1875 1946 1923; x_wconf 87' lang='lat' dir='ltr'><strong>erratum</strong></span> 
     </span>
    </p>
   </div>
   <div class='ocr_carea' id='block_1_19' title="bbox 373 1954 1946 2029">
    <p class='ocr_par' dir='ltr' id='par_1_19' title="bbox 373 1954 1946 2029">
     <span class='ocr_line' id='line_1_19' title="bbox 373 1954 1946 2029; baseline 0.003 -23"><span class='ocrx_word' id='word_1_140' title='bbox 373 1966 528 2006; x_wconf 86' lang='lat' dir='ltr'><strong>suum</strong></span> <span class='ocrx_word' id='word_1_141' title='bbox 549 1962 604 2008; x_wconf 83' lang='lat' dir='ltr'><strong>et</strong></span> <span class='ocrx_word' id='word_1_142' title='bbox 631 1954 838 2023; x_wconf 85' lang='lat' dir='ltr'><strong>placare</strong></span> <span class='ocrx_word' id='word_1_143' title='bbox 866 1966 1089 2025; x_wconf 85' lang='lat' dir='ltr'><strong>patrem,</strong></span> <span class='ocrx_word' id='word_1_144' title='bbox 1116 1958 1169 2012; x_wconf 90' lang='lat'><strong>9.</strong></span> <span class='ocrx_word' id='word_1_145' title='bbox 1202 1958 1428 2023; x_wconf 75' lang='lat' dir='ltr'><strong>Addidit,</strong></span> <span class='ocrx_word' id='word_1_146' title='bbox 1459 1957 1650 2027; x_wconf 80' lang='lat' dir='ltr'><strong>inquit,</strong></span> <span class='ocrx_word' id='word_1_147' title='bbox 1680 1967 1727 2011; x_wconf 90' lang='lat' dir='ltr'><strong>et</strong></span> <span class='ocrx_word' id='word_1_148' title='bbox 1755 1959 1946 2029; x_wconf 85' lang='lat' dir='ltr'><strong>accepit</strong></span> 
     </span>
    </p>
   </div>
   <div class='ocr_carea' id='block_1_20' title="bbox 370 2044 1943 2115">
    <p class='ocr_par' dir='ltr' id='par_1_20' title="bbox 370 2044 1943 2115">
     <span class='ocr_line' id='line_1_20' title="bbox 370 2044 1943 2115; baseline 0.004 -20"><span class='ocrx_word' id='word_1_149' title='bbox 370 2058 578 2097; x_wconf 74' lang='lat' dir='ltr'><strong>uxorem</strong></span> <span class='ocrx_word' id='word_1_150' title='bbox 610 2044 677 2097; x_wconf 89' lang='lat' dir='ltr'><strong>ad</strong></span> <span class='ocrx_word' id='word_1_151' title='bbox 708 2045 837 2100; x_wconf 88' lang='lat' dir='ltr'><strong>duas</strong></span> <span class='ocrx_word' id='word_1_152' title='bbox 857 2063 1035 2100; x_wconf 74' lang='lat' dir='ltr'><strong>uxores</strong></span> <span class='ocrx_word' id='word_1_153' title='bbox 1053 2064 1189 2110; x_wconf 80' lang='lat' dir='ltr'><strong>suas,</strong></span> <span class='ocrx_word' id='word_1_154' title='bbox 1208 2049 1366 2115; x_wconf 82' lang='lat' dir='ltr'><strong>ﬁliam</strong></span> <span class='ocrx_word' id='word_1_155' title='bbox 1386 2047 1576 2102; x_wconf 83' lang='lat' dir='ltr'><strong>Ismael</strong></span> <span class='ocrx_word' id='word_1_156' title='bbox 1592 2048 1687 2114; x_wconf 83' lang='lat' dir='ltr'><strong>ﬁlii</strong></span> <span class='ocrx_word' id='word_1_157' title='bbox 1707 2048 1943 2104; x_wconf 58' lang='lat' dir='ltr'><strong>Abrahae.</strong></span> 
     </span>
    </p>
   </div>
   <div class='ocr_carea' id='block_1_21' title="bbox 372 2133 1947 2208">
    <p class='ocr_par' dir='ltr' id='par_1_21' title="bbox 372 2133 1947 2208">
     <span class='ocr_line' id='line_1_21' title="bbox 372 2133 1947 2208; baseline 0.006 -21"><span class='ocrx_word' id='word_1_158' title='bbox 372 2133 580 2201; x_wconf 79' lang='lat' dir='ltr'><strong>Vidisti,</strong></span> <span class='ocrx_word' id='word_1_159' title='bbox 610 2136 821 2204; x_wconf 88' lang='lat' dir='ltr'><strong>dilecte,</strong></span> <span class='ocrx_word' id='word_1_160' title='bbox 857 2149 1055 2207; x_wconf 87' lang='lat' dir='ltr'><strong>quanta</strong></span> <span class='ocrx_word' id='word_1_161' title='bbox 1084 2139 1363 2208; x_wconf 86' lang='lat' dir='ltr'><strong>prudentia</strong></span> <span class='ocrx_word' id='word_1_162' title='bbox 1392 2139 1557 2194; x_wconf 86' lang='lat' dir='ltr'><strong>ﬁlium</strong></span> <span class='ocrx_word' id='word_1_163' title='bbox 1597 2154 1753 2195; x_wconf 88' lang='lat' dir='ltr'><strong>suum</strong></span> <span class='ocrx_word' id='word_1_164' title='bbox 1783 2140 1947 2197; x_wconf 82' lang='lat' dir='ltr'><strong>Jacob</strong></span> 
     </span>
    </p>
   </div>
   <div class='ocr_carea' id='block_1_22' title="bbox 371 2226 1946 2299">
    <p class='ocr_par' dir='ltr' id='par_1_22' title="bbox 371 2226 1946 2299">
     <span class='ocr_line' id='line_1_22' title="bbox 371 2226 1946 2299; baseline 0.003 -19"><span class='ocrx_word' id='word_1_165' title='bbox 371 2239 406 2280; x_wconf 83' lang='lat' dir='ltr'><strong>e</strong></span> <span class='ocrx_word' id='word_1_166' title='bbox 432 2226 679 2293; x_wconf 87' lang='lat' dir='ltr'><strong>periculis</strong></span> <span class='ocrx_word' id='word_1_167' title='bbox 724 2228 1087 2282; x_wconf 84' lang='lat' dir='ltr'><strong>amantissima</strong></span> <span class='ocrx_word' id='word_1_168' title='bbox 1129 2238 1298 2284; x_wconf 85' lang='lat' dir='ltr'><strong>mater</strong></span> <span class='ocrx_word' id='word_1_169' title='bbox 1334 2230 1623 2299; x_wconf 85' lang='lat' dir='ltr'><strong>eripuerit:</strong></span> <span class='ocrx_word' id='word_1_170' title='bbox 1649 2231 1946 2299; x_wconf 84' lang='lat' dir='ltr'><strong>speciosam</strong></span> 
     </span>
    </p>
   </div>
   <div class='ocr_carea' id='block_1_23' title="bbox 373 2315 1948 2389">
    <p class='ocr_par' dir='ltr' id='par_1_23' title="bbox 373 2315 1948 2389">
     <span class='ocr_line' id='line_1_23' title="bbox 373 2315 1948 2389; baseline 0.003 -19"><span class='ocrx_word' id='word_1_171' title='bbox 373 2315 672 2371; x_wconf 84' lang='lat' dir='ltr'><strong>obtendens</strong></span> <span class='ocrx_word' id='word_1_172' title='bbox 720 2321 1161 2388; x_wconf 76' lang='lat' dir='ltr'><strong>peregrinationis</strong></span> <span class='ocrx_word' id='word_1_173' title='bbox 1210 2331 1446 2384; x_wconf 80' lang='lat' dir='ltr'><strong>causam,</strong></span> <span class='ocrx_word' id='word_1_174' title='bbox 1488 2330 1543 2374; x_wconf 92' lang='lat' dir='ltr'><strong>et</strong></span> <span class='ocrx_word' id='word_1_175' title='bbox 1585 2334 1756 2389; x_wconf 87' lang='lat' dir='ltr'><strong>neque</strong></span> <span class='ocrx_word' id='word_1_176' title='bbox 1803 2320 1948 2375; x_wconf 79' lang='lat' dir='ltr'><strong>Esau</strong></span> 
     </span>
    </p>
   </div>
   <div class='ocr_carea' id='block_1_24' title="bbox 375 2406 1947 2480">
    <p class='ocr_par' dir='ltr' id='par_1_24' title="bbox 375 2406 1947 2480">
     <span class='ocr_line' id='line_1_24' title="bbox 375 2406 1947 2480; baseline 0.004 -19"><span class='ocrx_word' id='word_1_177' title='bbox 375 2406 635 2462; x_wconf 84' lang='lat' dir='ltr'><strong>malitiam</strong></span> <span class='ocrx_word' id='word_1_178' title='bbox 687 2410 938 2478; x_wconf 83' lang='lat' dir='ltr'><strong>prodens,</strong></span> <span class='ocrx_word' id='word_1_179' title='bbox 976 2426 1148 2480; x_wconf 91' lang='lat' dir='ltr'><strong>neque</strong></span> <span class='ocrx_word' id='word_1_180' title='bbox 1190 2412 1325 2480; x_wconf 88' lang='lat' dir='ltr'><strong>patri</strong></span> <span class='ocrx_word' id='word_1_181' title='bbox 1372 2427 1584 2467; x_wconf 83' lang='lat' dir='ltr'><strong>eattsam</strong></span> <span class='ocrx_word' id='word_1_182' title='bbox 1612 2413 1947 2469; x_wconf 81' lang='lat' dir='ltr'><strong>manifestam</strong></span> 
     </span>
    </p>
   </div>
   <div class='ocr_carea' id='block_1_25' title="bbox 375 2496 1950 2568">
    <p class='ocr_par' dir='ltr' id='par_1_25' title="bbox 375 2496 1950 2568">
     <span class='ocr_line' id='line_1_25' title="bbox 375 2496 1950 2568; baseline 0.004 -17"><span class='ocrx_word' id='word_1_183' title='bbox 375 2496 647 2563; x_wconf 88' lang='lat' dir='ltr'><strong>reddens;</strong></span> <span class='ocrx_word' id='word_1_184' title='bbox 687 2498 783 2553; x_wconf 91' lang='lat' dir='ltr'><strong>sed</strong></span> <span class='ocrx_word' id='word_1_185' title='bbox 812 2508 866 2553; x_wconf 91' lang='lat' dir='ltr'><strong>et</strong></span> <span class='ocrx_word' id='word_1_186' title='bbox 892 2499 1002 2554; x_wconf 86' lang='lat' dir='ltr'><strong>ﬁlio</strong></span> <span class='ocrx_word' id='word_1_187' title='bbox 1032 2500 1357 2556; x_wconf 84' lang='lat' dir='ltr'><strong>conveniens</strong></span> <span class='ocrx_word' id='word_1_188' title='bbox 1382 2501 1517 2556; x_wconf 88' lang='lat' dir='ltr'><strong>dans</strong></span> <span class='ocrx_word' id='word_1_189' title='bbox 1544 2502 1859 2568; x_wconf 88' lang='lat' dir='ltr'><strong>consilium,</strong></span> <span class='ocrx_word' id='word_1_190' title='bbox 1891 2511 1950 2557; x_wconf 89' lang='lat' dir='ltr'><strong>ut</strong></span> 
     </span>
    </p>
   </div>
   <div class='ocr_carea' id='block_1_26' title="bbox 375 2589 1947 2660">
    <p class='ocr_par' dir='ltr' id='par_1_26' title="bbox 375 2589 1947 2660">
     <span class='ocr_line' id='line_1_26' title="bbox 375 2589 1947 2660; baseline 0.004 -17"><span class='ocrx_word' id='word_1_191' title='bbox 375 2602 444 2643; x_wconf 82' lang='lat' dir='ltr'><strong>ex</strong></span> <span class='ocrx_word' id='word_1_192' title='bbox 470 2596 614 2643; x_wconf 88' lang='lat' dir='ltr'><strong>metu</strong></span> <span class='ocrx_word' id='word_1_193' title='bbox 639 2589 706 2643; x_wconf 88' lang='lat' dir='ltr'><strong>ad</strong></span> <span class='ocrx_word' id='word_1_194' title='bbox 728 2604 882 2645; x_wconf 89' lang='lat' dir='ltr'><strong>suam</strong></span> <span class='ocrx_word' id='word_1_195' title='bbox 912 2590 1334 2660; x_wconf 85' lang='lat' dir='ltr'><strong>amplectendam</strong></span> <span class='ocrx_word' id='word_1_196' title='bbox 1372 2595 1686 2648; x_wconf 87' lang='lat' dir='ltr'><strong>sententiam</strong></span> <span class='ocrx_word' id='word_1_197' title='bbox 1714 2593 1947 2649; x_wconf 84' lang='lat' dir='ltr'><strong>adduce-</strong></span> 
     </span>
    </p>
   </div>
   <div class='ocr_carea' id='block_1_27' title="bbox 377 2678 1949 2755">
    <p class='ocr_par' dir='ltr' id='par_1_27' title="bbox 377 2678 1949 2755">
     <span class='ocr_line' id='line_1_27' title="bbox 377 2678 1949 2755; baseline 0.004 -22"><span class='ocrx_word' id='word_1_198' title='bbox 377 2687 548 2743; x_wconf 89' lang='lat' dir='ltr'><strong>retur,</strong></span> <span class='ocrx_word' id='word_1_199' title='bbox 572 2678 699 2734; x_wconf 91' lang='lat' dir='ltr'><strong>dum</strong></span> <span class='ocrx_word' id='word_1_200' title='bbox 728 2678 895 2734; x_wconf 86' lang='lat' dir='ltr'><strong>etiam</strong></span> <span class='ocrx_word' id='word_1_201' title='bbox 919 2682 1055 2750; x_wconf 88' lang='lat' dir='ltr'><strong>patri</strong></span> <span class='ocrx_word' id='word_1_202' title='bbox 1081 2691 1462 2752; x_wconf 76' lang='lat' dir='ltr'><strong>congruentem</strong></span> <span class='ocrx_word' id='word_1_203' title='bbox 1488 2698 1700 2739; x_wconf 88' lang='lat' dir='ltr'><strong>causam</strong></span> <span class='ocrx_word' id='word_1_204' title='bbox 1728 2699 1949 2755; x_wconf 80' lang='lat' dir='ltr'><strong>sugges-</strong></span> 
     </span>
    </p>
   </div>
   <div class='ocr_carea' id='block_1_28' title="bbox 372 2767 1950 2844">
    <p class='ocr_par' dir='ltr' id='par_1_28' title="bbox 372 2767 1950 2844">
     <span class='ocr_line' id='line_1_28' title="bbox 372 2767 1950 2844; baseline 0.006 -21"><span class='ocrx_word' id='word_1_205' title='bbox 372 2767 477 2823; x_wconf 80' lang='lat' dir='ltr'><strong>sit?</strong></span> <span class='ocrx_word' id='word_1_206' title='bbox 502 2768 648 2825; x_wconf 85' lang='lat' dir='ltr'><strong>Unde</strong></span> <span class='ocrx_word' id='word_1_207' title='bbox 669 2779 722 2825; x_wconf 90' lang='lat' dir='ltr'><strong>et</strong></span> <span class='ocrx_word' id='word_1_208' title='bbox 734 2770 911 2840; x_wconf 89' lang='lat' dir='ltr'><strong>justus</strong></span> <span class='ocrx_word' id='word_1_209' title='bbox 937 2773 1055 2839; x_wconf 82' lang='lat' dir='ltr'><strong>ejus</strong></span> <span class='ocrx_word' id='word_1_210' title='bbox 1074 2770 1229 2826; x_wconf 89' lang='lat' dir='ltr'><strong>dictis</strong></span> <span class='ocrx_word' id='word_1_211' title='bbox 1249 2786 1523 2828; x_wconf 88' lang='lat' dir='ltr'><strong>assensum</strong></span> <span class='ocrx_word' id='word_1_212' title='bbox 1550 2775 1813 2844; x_wconf 65' lang='lat' dir='ltr'><strong>praebens,</strong></span> <span class='ocrx_word' id='word_1_213' title='bbox 1838 2776 1950 2832; x_wconf 74' lang='lat' dir='ltr'><strong>via-</strong></span> 
     </span>
    </p>
   </div>
   <div class='ocr_carea' id='block_1_29' title="bbox 375 2858 1664 2920">
    <p class='ocr_par' dir='ltr' id='par_1_29' title="bbox 375 2858 1664 2920">
     <span class='ocr_line' id='line_1_29' title="bbox 375 2858 1664 2920; baseline 0.005 -6"><span class='ocrx_word' id='word_1_214' title='bbox 375 2858 483 2915; x_wconf 90' lang='lat' dir='ltr'><strong>tico</strong></span> <span class='ocrx_word' id='word_1_215' title='bbox 509 2861 890 2917; x_wconf 87' lang='lat' dir='ltr'><strong>benedictionis</strong></span> <span class='ocrx_word' id='word_1_216' title='bbox 920 2862 1230 2919; x_wconf 87' lang='lat' dir='ltr'><strong>instructum</strong></span> <span class='ocrx_word' id='word_1_217' title='bbox 1255 2862 1421 2920; x_wconf 78' lang='lat' dir='ltr'><strong>Jaoob</strong></span> <span class='ocrx_word' id='word_1_218' title='bbox 1443 2863 1664 2920; x_wconf 82' lang='lat' dir='ltr'><strong>dimisit.</strong></span> 
     </span>
    </p>
   </div>
   <div class='ocr_carea' id='block_1_30' title="bbox 446 2952 1945 3028">
    <p class='ocr_par' dir='ltr' id='par_1_30' title="bbox 446 2952 1945 3028">
     <span class='ocr_line' id='line_1_30' title="bbox 446 2952 1945 3028; baseline 0.007 -23"><span class='ocrx_word' id='word_1_219' title='bbox 446 2952 793 3023; x_wconf 81' lang='lat' dir='ltr'><strong>Peregrinatio</strong></span> <span class='ocrx_word' id='word_1_220' title='bbox 817 2953 997 3009; x_wconf 82' lang='lat' dir='ltr'><strong>Jacobi</strong></span> <span class='ocrx_word' id='word_1_221' title='bbox 1026 2965 1281 3010; x_wconf 79' lang='lat' dir='ltr'><strong>narratur.</strong></span> <span class='ocrx_word' id='word_1_222' title='bbox 1298 2986 1370 2995; x_wconf 90' lang='lat'><strong>—</strong></span> <span class='ocrx_word' id='word_1_223' title='bbox 1392 2956 1655 3013; x_wconf 59' lang='lat' dir='ltr'><strong>Ceterum</strong></span> <span class='ocrx_word' id='word_1_224' title='bbox 1677 2958 1724 3013; x_wconf 93' lang='lat' dir='ltr'><strong>si</strong></span> <span class='ocrx_word' id='word_1_225' title='bbox 1751 2959 1945 3028; x_wconf 84' lang='lat' dir='ltr'><strong>placet,</strong></span> 
     </span>
    </p>
   </div>
   <div class='ocr_carea' id='block_1_31' title="bbox 373 3045 1948 3119">
    <p class='ocr_par' dir='ltr' id='par_1_31' title="bbox 373 3045 1948 3119">
     <span class='ocr_line' id='line_1_31' title="bbox 373 3045 1948 3119; baseline 0.006 -22"><span class='ocrx_word' id='word_1_226' title='bbox 373 3051 429 3098; x_wconf 89' lang='lat' dir='ltr'><strong>et</strong></span> <span class='ocrx_word' id='word_1_227' title='bbox 453 3059 557 3099; x_wconf 92' lang='lat' dir='ltr'><strong>non</strong></span> <span class='ocrx_word' id='word_1_228' title='bbox 581 3045 966 3115; x_wconf 86' lang='lat' dir='ltr'><strong>defatigamini,</strong></span> <span class='ocrx_word' id='word_1_229' title='bbox 988 3047 1259 3103; x_wconf 87' lang='lat' dir='ltr'><strong>videamus</strong></span> <span class='ocrx_word' id='word_1_230' title='bbox 1277 3048 1545 3117; x_wconf 91' lang='lat' dir='ltr'><strong>quomodo</strong></span> <span class='ocrx_word' id='word_1_231' title='bbox 1566 3052 1948 3119; x_wconf 84' lang='lat' dir='ltr'><strong>peregrinatio-</strong></span> 
     </span>
    </p>
   </div>
   <div class='ocr_carea' id='block_1_32' title="bbox 375 3136 1948 3206">
    <p class='ocr_par' dir='ltr' id='par_1_32' title="bbox 375 3136 1948 3206">
     <span class='ocr_line' id='line_1_32' title="bbox 375 3136 1948 3206; baseline 0.004 -17"><span class='ocrx_word' id='word_1_232' title='bbox 375 3150 499 3191; x_wconf 89' lang='lat' dir='ltr'><strong>nem</strong></span> <span class='ocrx_word' id='word_1_233' title='bbox 536 3136 725 3192; x_wconf 80' lang='lat' dir='ltr'><strong>obier&#39;rt</strong></span> <span class='ocrx_word' id='word_1_234' title='bbox 748 3136 932 3192; x_wconf 83' lang='lat' dir='ltr'><strong>Jacob.</strong></span> <span class='ocrx_word' id='word_1_235' title='bbox 979 3137 1098 3191; x_wconf 90' lang='lat' dir='ltr'><strong>Non</strong></span> <span class='ocrx_word' id='word_1_236' title='bbox 1142 3152 1367 3206; x_wconf 90' lang='lat' dir='ltr'><strong>parvum</strong></span> <span class='ocrx_word' id='word_1_237' title='bbox 1406 3139 1552 3193; x_wconf 88' lang='lat' dir='ltr'><strong>enim</strong></span> <span class='ocrx_word' id='word_1_238' title='bbox 1592 3149 1647 3194; x_wconf 89' lang='lat' dir='ltr'><strong>et</strong></span> <span class='ocrx_word' id='word_1_239' title='bbox 1686 3140 1809 3195; x_wconf 87' lang='lat' dir='ltr'><strong>hinc</strong></span> <span class='ocrx_word' id='word_1_240' title='bbox 1835 3141 1948 3195; x_wconf 75' lang='lat' dir='ltr'><strong>fru~</strong></span> 
     </span>
    </p>
   </div>
   <div class='ocr_carea' id='block_1_33' title="bbox 368 3211 1948 3296">
    <p class='ocr_par' dir='ltr' id='par_1_33' title="bbox 368 3211 1948 3296">
     <span class='ocr_line' id='line_1_33' title="bbox 368 3211 1948 3296; baseline 0.006 -17"><span class='ocrx_word' id='word_1_241' title='bbox 368 3235 518 3280; x_wconf 85' lang='lat' dir='ltr'><strong>ctum</strong></span> <span class='ocrx_word' id='word_1_242' title='bbox 550 3211 793 3295; x_wconf 78' lang='lat' dir='ltr'><strong>accipere</strong></span> <span class='ocrx_word' id='word_1_243' title='bbox 825 3242 1138 3296; x_wconf 79' lang='lat' dir='ltr'><strong>possumus,</strong></span> <span class='ocrx_word' id='word_1_244' title='bbox 1167 3227 1215 3281; x_wconf 90' lang='lat' dir='ltr'><strong>si</strong></span> <span class='ocrx_word' id='word_1_245' title='bbox 1245 3228 1642 3285; x_wconf 88' lang='lat' dir='ltr'><strong>attenderimus.</strong></span> <span class='ocrx_word' id='word_1_246' title='bbox 1675 3232 1948 3289; x_wconf 84' lang='lat' dir='ltr'><strong>Justorum</strong></span> 
     </span>
    </p>
   </div>
   <div class='ocr_carea' id='block_1_34' title="bbox 375 3315 1950 3390">
    <p class='ocr_par' dir='ltr' id='par_1_34' title="bbox 375 3315 1950 3390">
     <span class='ocr_line' id='line_1_34' title="bbox 375 3315 1950 3390; baseline 0.006 -20"><span class='ocrx_word' id='word_1_247' title='bbox 375 3315 518 3370; x_wconf 88' lang='lat' dir='ltr'><strong>enim</strong></span> <span class='ocrx_word' id='word_1_248' title='bbox 548 3322 883 3372; x_wconf 82' lang='lat' dir='ltr'><strong>conversatio</strong></span> <span class='ocrx_word' id='word_1_249' title='bbox 922 3328 974 3373; x_wconf 89' lang='lat' dir='ltr'><strong>et</strong></span> <span class='ocrx_word' id='word_1_250' title='bbox 1006 3319 1111 3371; x_wconf 88' lang='lat' dir='ltr'><strong>vita</strong></span> <span class='ocrx_word' id='word_1_251' title='bbox 1139 3318 1299 3372; x_wconf 77' lang='lat' dir='ltr'><strong>totius</strong></span> <span class='ocrx_word' id='word_1_252' title='bbox 1328 3318 1672 3390; x_wconf 75' lang='lat' dir='ltr'><strong>pltilOSOphia‘.</strong></span> <span class='ocrx_word' id='word_1_253' title='bbox 1710 3325 1950 3379; x_wconf 90' lang='lat' dir='ltr'><strong>continet</strong></span> 
     </span>
    </p>
   </div>
   <div class='ocr_carea' id='block_1_35' title="bbox 376 3406 1946 3482">
    <p class='ocr_par' dir='ltr' id='par_1_35' title="bbox 376 3406 1946 3482">
     <span class='ocr_line' id='line_1_35' title="bbox 376 3406 1946 3482; baseline 0.006 -21"><span class='ocrx_word' id='word_1_254' title='bbox 376 3406 697 3461; x_wconf 88' lang='lat' dir='ltr'><strong>doctrinam.</strong></span> <span class='ocrx_word' id='word_1_255' title='bbox 721 3408 856 3463; x_wconf 87' lang='lat' dir='ltr'><strong>Vide</strong></span> <span class='ocrx_word' id='word_1_256' title='bbox 885 3408 1041 3479; x_wconf 81' lang='lat' dir='ltr'><strong>igitur</strong></span> <span class='ocrx_word' id='word_1_257' title='bbox 1068 3409 1208 3465; x_wconf 90' lang='lat' dir='ltr'><strong>hunc</strong></span> <span class='ocrx_word' id='word_1_258' title='bbox 1229 3410 1499 3479; x_wconf 83' lang='lat' dir='ltr'><strong>juvenem,</strong></span> <span class='ocrx_word' id='word_1_259' title='bbox 1531 3414 1620 3482; x_wconf 90' lang='lat' dir='ltr'><strong>qui</strong></span> <span class='ocrx_word' id='word_1_260' title='bbox 1646 3414 1790 3470; x_wconf 87' lang='lat' dir='ltr'><strong>domi</strong></span> <span class='ocrx_word' id='word_1_261' title='bbox 1815 3416 1946 3471; x_wconf 90' lang='lat' dir='ltr'><strong>edu-</strong></span> 
     </span>
    </p>
   </div>
   <div class='ocr_carea' id='block_1_36' title="bbox 373 3498 1948 3576">
    <p class='ocr_par' dir='ltr' id='par_1_36' title="bbox 373 3498 1948 3576">
     <span class='ocr_line' id='line_1_36' title="bbox 373 3498 1948 3576; baseline 0.008 -26"><span class='ocrx_word' id='word_1_262' title='bbox 373 3505 544 3562; x_wconf 88' lang='lat' dir='ltr'><strong>catus,</strong></span> <span class='ocrx_word' id='word_1_263' title='bbox 579 3498 667 3567; x_wconf 85' lang='lat' dir='ltr'><strong>qui</strong></span> <span class='ocrx_word' id='word_1_264' title='bbox 695 3506 848 3553; x_wconf 84' lang='lat' dir='ltr'><strong>antea</strong></span> <span class='ocrx_word' id='word_1_265' title='bbox 882 3514 1169 3568; x_wconf 83' lang='lat' dir='ltr'><strong>numquam</strong></span> <span class='ocrx_word' id='word_1_266' title='bbox 1196 3502 1631 3570; x_wconf 75' lang='lat' dir='ltr'><strong>peregrinationis</strong></span> <span class='ocrx_word' id='word_1_267' title='bbox 1656 3506 1948 3576; x_wconf 89' lang='lat' dir='ltr'><strong>cujuspiam</strong></span> 
     </span>
    </p>
   </div>
   <div class='ocr_carea' id='block_1_37' title="bbox 375 3591 1947 3669">
    <p class='ocr_par' dir='ltr' id='par_1_37' title="bbox 375 3591 1947 3669">
     <span class='ocr_line' id='line_1_37' title="bbox 375 3591 1947 3669; baseline 0.006 -25"><span class='ocrx_word' id='word_1_268' title='bbox 375 3591 668 3658; x_wconf 87' lang='lat' dir='ltr'><strong>periculum</strong></span> <span class='ocrx_word' id='word_1_269' title='bbox 704 3591 936 3657; x_wconf 82' lang='lat' dir='ltr'><strong>fecerat,</strong></span> <span class='ocrx_word' id='word_1_270' title='bbox 982 3608 1271 3661; x_wconf 88' lang='lat' dir='ltr'><strong>numquam</strong></span> <span class='ocrx_word' id='word_1_271' title='bbox 1324 3594 1377 3647; x_wconf 91' lang='lat' dir='ltr'><strong>in</strong></span> <span class='ocrx_word' id='word_1_272' title='bbox 1423 3605 1680 3650; x_wconf 82' lang='lat' dir='ltr'><strong>extranea</strong></span> <span class='ocrx_word' id='word_1_273' title='bbox 1732 3600 1947 3669; x_wconf 79' lang='lat' dir='ltr'><strong>regione</strong></span> 
     </span>
    </p>
   </div>
   <div class='ocr_carea' id='block_1_38' title="bbox 375 3681 1942 3757">
    <p class='ocr_par' dir='ltr' id='par_1_38' title="bbox 375 3681 1942 3757">
     <span class='ocr_line' id='line_1_38' title="bbox 375 3681 1942 3757; baseline 0.008 -23"><span class='ocrx_word' id='word_1_274' title='bbox 375 3690 617 3735; x_wconf 82' lang='lat' dir='ltr'><strong>versatus</strong></span> <span class='ocrx_word' id='word_1_275' title='bbox 659 3681 851 3748; x_wconf 89' lang='lat' dir='ltr'><strong>fuerat,</strong></span> <span class='ocrx_word' id='word_1_276' title='bbox 895 3698 1065 3752; x_wconf 90' lang='lat' dir='ltr'><strong>neque</strong></span> <span class='ocrx_word' id='word_1_277' title='bbox 1108 3698 1270 3753; x_wconf 87' lang='lat' dir='ltr'><strong>grave</strong></span> <span class='ocrx_word' id='word_1_278' title='bbox 1308 3685 1505 3753; x_wconf 88' lang='lat' dir='ltr'><strong>aliquid</strong></span> <span class='ocrx_word' id='word_1_279' title='bbox 1534 3698 1783 3755; x_wconf 81' lang='lat' dir='ltr'><strong>expertus</strong></span> <span class='ocrx_word' id='word_1_280' title='bbox 1807 3700 1942 3757; x_wconf 90' lang='lat' dir='ltr'><strong>erat,</strong></span> 
     </span>
    </p>
   </div>
   <div class='ocr_carea' id='block_1_39' title="bbox 371 3772 1944 3847">
    <p class='ocr_par' dir='ltr' id='par_1_39' title="bbox 371 3772 1944 3847">
     <span class='ocr_line' id='line_1_39' title="bbox 371 3772 1944 3847; baseline 0.008 -23"><span class='ocrx_word' id='word_1_281' title='bbox 371 3772 641 3842; x_wconf 90' lang='lat' dir='ltr'><strong>quomodo</strong></span> <span class='ocrx_word' id='word_1_282' title='bbox 670 3774 771 3829; x_wconf 88' lang='lat' dir='ltr'><strong>iter</strong></span> <span class='ocrx_word' id='word_1_283' title='bbox 795 3773 1034 3840; x_wconf 87' lang='lat' dir='ltr'><strong>arripiat,</strong></span> <span class='ocrx_word' id='word_1_284' title='bbox 1066 3783 1121 3828; x_wconf 90' lang='lat' dir='ltr'><strong>et</strong></span> <span class='ocrx_word' id='word_1_285' title='bbox 1148 3775 1293 3830; x_wconf 88' lang='lat' dir='ltr'><strong>disce</strong></span> <span class='ocrx_word' id='word_1_286' title='bbox 1322 3775 1664 3847; x_wconf 70' lang='lat' dir='ltr'><strong>philosophiae</strong></span> <span class='ocrx_word' id='word_1_287' title='bbox 1685 3780 1825 3835; x_wconf 91' lang='lat' dir='ltr'><strong>illius</strong></span> <span class='ocrx_word' id='word_1_288' title='bbox 1849 3797 1944 3837; x_wconf 81' lang='lat' dir='ltr'><strong>ex-</strong></span> 
     </span>
    </p>
   </div>
   <div class='ocr_carea' id='block_1_40' title="bbox 373 3862 1944 3938">
    <p class='ocr_par' dir='ltr' id='par_1_40' title="bbox 373 3862 1944 3938">
     <span class='ocr_line' id='line_1_40' title="bbox 373 3862 1944 3938; baseline 0.005 -22"><span class='ocrx_word' id='word_1_289' title='bbox 373 3862 694 3919; x_wconf 88' lang='lat' dir='ltr'><strong>cellentiam.</strong></span> <span class='ocrx_word' id='word_1_290' title='bbox 735 3864 823 3919; x_wconf 74' lang='grc'><strong>10.</strong></span> <span class='ocrx_word' id='word_1_291' title='bbox 860 3862 928 3917; x_wconf 82' lang='lat' dir='ltr'><strong>Et</strong></span> <span class='ocrx_word' id='word_1_292' title='bbox 962 3880 1187 3934; x_wconf 80' lang='lat' dir='ltr'><strong>egressus</strong></span> <span class='ocrx_word' id='word_1_293' title='bbox 1214 3864 1373 3919; x_wconf 84' lang='lat' dir='ltr'><strong>Jacob</strong></span> <span class='ocrx_word' id='word_1_294' title='bbox 1406 3883 1437 3918; x_wconf 87' lang='lat' dir='ltr'><strong>a</strong></span> <span class='ocrx_word' id='word_1_295' title='bbox 1483 3870 1621 3938; x_wconf 71' lang='lat' dir='ltr'><strong>{ante</strong></span> <span class='ocrx_word' id='word_1_296' title='bbox 1649 3871 1944 3937; x_wconf 88' lang='lat' dir='ltr'><strong>juramenti,</strong></span> 
     </span>
    </p>
   </div>
   <div class='ocr_carea' id='block_1_41' title="bbox 375 3953 1948 4024">
    <p class='ocr_par' dir='ltr' id='par_1_41' title="bbox 375 3953 1948 4024">
     <span class='ocr_line' id='line_1_41' title="bbox 375 3953 1948 4024; baseline 0.004 -17"><span class='ocrx_word' id='word_1_297' title='bbox 375 3953 629 4022; x_wconf 75' lang='lat' dir='ltr'><strong>profectus</strong></span> <span class='ocrx_word' id='word_1_298' title='bbox 668 3962 739 4008; x_wconf 84' lang='lat' dir='ltr'><strong>est</strong></span> <span class='ocrx_word' id='word_1_299' title='bbox 766 3955 819 4007; x_wconf 90' lang='lat' dir='ltr'><strong>in</strong></span> <span class='ocrx_word' id='word_1_300' title='bbox 848 3953 1096 4018; x_wconf 80' lang='lat' dir='ltr'><strong>Charran,</strong></span> <span class='ocrx_word' id='word_1_301' title='bbox 1139 3955 1228 4009; x_wconf 74' lang='lat' dir='ltr'><strong>il.</strong></span> <span class='ocrx_word' id='word_1_302' title='bbox 1272 3965 1317 4009; x_wconf 86' lang='lat' dir='ltr'><strong>et</strong></span> <span class='ocrx_word' id='word_1_303' title='bbox 1344 3958 1561 4011; x_wconf 79' lang='lat' dir='ltr'><strong>occurrit</strong></span> <span class='ocrx_word' id='word_1_304' title='bbox 1587 3958 1696 4011; x_wconf 86' lang='lat' dir='ltr'><strong>loco</strong></span> <span class='ocrx_word' id='word_1_305' title='bbox 1716 3998 1732 4024; x_wconf 93' lang='lat'><strong>,</strong></span> <span class='ocrx_word' id='word_1_306' title='bbox 1764 3967 1807 4012; x_wconf 87' lang='lat' dir='ltr'><strong>et</strong></span> <span class='ocrx_word' id='word_1_307' title='bbox 1827 3959 1948 4013; x_wconf 83' lang='lat' dir='ltr'><strong>dor-</strong></span> 
     </span>
    </p>
   </div>
   <div class='ocr_carea' id='block_1_42' title="bbox 374 4045 1947 4118">
    <p class='ocr_par' dir='ltr' id='par_1_42' title="bbox 374 4045 1947 4118">
     <span class='ocr_line' id='line_1_42' title="bbox 374 4045 1947 4118; baseline 0.006 -22"><span class='ocrx_word' id='word_1_308' title='bbox 374 4045 514 4098; x_wconf 82' lang='lat' dir='ltr'><strong>mivit</strong></span> <span class='ocrx_word' id='word_1_309' title='bbox 546 4045 683 4099; x_wconf 86' lang='lat' dir='ltr'><strong>illic:</strong></span> <span class='ocrx_word' id='word_1_310' title='bbox 722 4046 975 4099; x_wconf 83' lang='lat' dir='ltr'><strong>occidebat</strong></span> <span class='ocrx_word' id='word_1_311' title='bbox 1008 4047 1142 4099; x_wconf 87' lang='lat' dir='ltr'><strong>enim</strong></span> <span class='ocrx_word' id='word_1_312' title='bbox 1175 4047 1252 4100; x_wconf 86' lang='lat' dir='ltr'><strong>sol</strong></span> <span class='ocrx_word' id='word_1_313' title='bbox 1273 4061 1291 4100; x_wconf 92' lang='lat'><strong><em>:</em></strong></span> <span class='ocrx_word' id='word_1_314' title='bbox 1321 4058 1367 4100; x_wconf 87' lang='lat' dir='ltr'><strong>et</strong></span> <span class='ocrx_word' id='word_1_315' title='bbox 1392 4050 1578 4118; x_wconf 86' lang='lat' dir='ltr'><strong>accepit</strong></span> <span class='ocrx_word' id='word_1_316' title='bbox 1606 4049 1670 4104; x_wconf 89' lang='lat' dir='ltr'><strong>de</strong></span> <span class='ocrx_word' id='word_1_317' title='bbox 1694 4050 1947 4117; x_wconf 77' lang='lat' dir='ltr'><strong>lapidibus</strong></span> 
     </span>
    </p>
   </div>
   <div class='ocr_carea' id='block_1_43' title="bbox 375 4136 1946 4210">
    <p class='ocr_par' dir='ltr' id='par_1_43' title="bbox 375 4136 1946 4210">
     <span class='ocr_line' id='line_1_43' title="bbox 375 4136 1946 4210; baseline 0.004 -19"><span class='ocrx_word' id='word_1_318' title='bbox 375 4136 491 4201; x_wconf 81' lang='lat' dir='ltr'><strong>loci,</strong></span> <span class='ocrx_word' id='word_1_319' title='bbox 512 4148 558 4192; x_wconf 85' lang='lat' dir='ltr'><strong>et</strong></span> <span class='ocrx_word' id='word_1_320' title='bbox 587 4139 754 4209; x_wconf 81' lang='lat' dir='ltr'><strong>posuit</strong></span> <span class='ocrx_word' id='word_1_321' title='bbox 799 4139 866 4191; x_wconf 88' lang='lat' dir='ltr'><strong>ad</strong></span> <span class='ocrx_word' id='word_1_322' title='bbox 898 4149 1050 4210; x_wconf 81' lang='lat' dir='ltr'><strong>caput</strong></span> <span class='ocrx_word' id='word_1_323' title='bbox 1086 4156 1253 4204; x_wconf 85' lang='lat' dir='ltr'><strong>suum,</strong></span> <span class='ocrx_word' id='word_1_324' title='bbox 1283 4149 1328 4193; x_wconf 86' lang='lat' dir='ltr'><strong>et</strong></span> <span class='ocrx_word' id='word_1_325' title='bbox 1353 4141 1587 4195; x_wconf 66' lang='lat' dir='ltr'><strong>dormivit</strong></span> <span class='ocrx_word' id='word_1_326' title='bbox 1614 4144 1673 4196; x_wconf 89' lang='lat' dir='ltr'><strong>in</strong></span> <span class='ocrx_word' id='word_1_327' title='bbox 1698 4144 1829 4197; x_wconf 85' lang='lat' dir='ltr'><strong>loco.</strong></span> <span class='ocrx_word' id='word_1_328' title='bbox 1852 4144 1946 4198; x_wconf 88' lang='lat' dir='ltr'><strong>Vi-</strong></span> 
     </span>
    </p>
   </div>
   <div class='ocr_carea' id='block_1_44' title="bbox 374 4229 1949 4309">
    <p class='ocr_par' dir='ltr' id='par_1_44' title="bbox 374 4229 1949 4309">
     <span class='ocr_line' id='line_1_44' title="bbox 374 4229 1949 4309; baseline 0.004 -25"><span class='ocrx_word' id='word_1_329' title='bbox 374 4229 500 4284; x_wconf 89' lang='lat' dir='ltr'><strong>disti</strong></span> <span class='ocrx_word' id='word_1_330' title='bbox 534 4230 856 4309; x_wconf 72' lang='lat' dir='ltr'><strong>ineffabilem</strong></span> <span class='ocrx_word' id='word_1_331' title='bbox 891 4231 1319 4300; x_wconf 81' lang='lat' dir='ltr'><strong>philosophiam?</strong></span> <span class='ocrx_word' id='word_1_332' title='bbox 1352 4232 1529 4287; x_wconf 85' lang='lat' dir='ltr'><strong>vidisti</strong></span> <span class='ocrx_word' id='word_1_333' title='bbox 1562 4234 1829 4302; x_wconf 90' lang='lat' dir='ltr'><strong>quomodo</strong></span> <span class='ocrx_word' id='word_1_334' title='bbox 1861 4251 1949 4290; x_wconf 78' lang='lat' dir='ltr'><strong>ve-</strong></span> 
     </span>
    </p>
   </div>
   <div class='ocr_carea' id='block_1_45' title="bbox 375 4320 1948 4395">
    <p class='ocr_par' dir='ltr' id='par_1_45' title="bbox 375 4320 1948 4395">
     <span class='ocr_line' id='line_1_45' title="bbox 375 4320 1948 4395; baseline 0.005 -21"><span class='ocrx_word' id='word_1_335' title='bbox 375 4328 516 4375; x_wconf 91' lang='lat' dir='ltr'><strong>teres</strong></span> <span class='ocrx_word' id='word_1_336' title='bbox 541 4322 640 4376; x_wconf 86' lang='lat' dir='ltr'><strong>iter</strong></span> <span class='ocrx_word' id='word_1_337' title='bbox 664 4320 971 4377; x_wconf 84' lang='lat' dir='ltr'><strong>faciebant?</strong></span> <span class='ocrx_word' id='word_1_338' title='bbox 998 4322 1089 4377; x_wconf 89' lang='lat' dir='ltr'><strong>Vir</strong></span> <span class='ocrx_word' id='word_1_339' title='bbox 1116 4322 1258 4377; x_wconf 81' lang='lat' dir='ltr'><strong>deuti</strong></span> <span class='ocrx_word' id='word_1_340' title='bbox 1290 4323 1544 4378; x_wconf 87' lang='lat' dir='ltr'><strong>educatus</strong></span> <span class='ocrx_word' id='word_1_341' title='bbox 1574 4324 1781 4395; x_wconf 90' lang='lat' dir='ltr'><strong>(rursus</strong></span> <span class='ocrx_word' id='word_1_342' title='bbox 1805 4327 1948 4382; x_wconf 89' lang='lat' dir='ltr'><strong>enim</strong></span> 
     </span>
    </p>
   </div>
   <div class='ocr_carea' id='block_1_46' title="bbox 372 4412 1949 4487">
    <p class='ocr_par' dir='ltr' id='par_1_46' title="bbox 372 4412 1949 4487">
     <span class='ocr_line' id='line_1_46' title="bbox 372 4412 1949 4487; baseline 0.004 -21"><span class='ocrx_word' id='word_1_343' title='bbox 372 4427 436 4466; x_wconf 89' lang='lat' dir='ltr'><strong>ea</strong></span> <span class='ocrx_word' id='word_1_344' title='bbox 456 4412 675 4484; x_wconf 89' lang='lat' dir='ltr'><strong>dicam),</strong></span> <span class='ocrx_word' id='word_1_345' title='bbox 697 4422 949 4484; x_wconf 89' lang='lat' dir='ltr'><strong>tantoque</strong></span> <span class='ocrx_word' id='word_1_346' title='bbox 974 4423 1215 4470; x_wconf 90' lang='lat' dir='ltr'><strong>assuetus</strong></span> <span class='ocrx_word' id='word_1_347' title='bbox 1238 4415 1502 4469; x_wconf 75' lang='lat' dir='ltr'><strong>famulitio</strong></span> <span class='ocrx_word' id='word_1_348' title='bbox 1531 4417 1787 4487; x_wconf 74' lang='lat' dir='ltr'><strong>(Simplex</strong></span> <span class='ocrx_word' id='word_1_349' title='bbox 1805 4420 1949 4473; x_wconf 90' lang='lat' dir='ltr'><strong>enim</strong></span> 
     </span>
    </p>
   </div>
   <div class='ocr_carea' id='block_1_47' title="bbox 372 4505 1947 4581">
    <p class='ocr_par' dir='ltr' id='par_1_47' title="bbox 372 4505 1947 4581">
     <span class='ocr_line' id='line_1_47' title="bbox 372 4505 1947 4581; baseline 0.004 -25"><span class='ocrx_word' id='word_1_350' title='bbox 372 4512 504 4567; x_wconf 82' lang='lat' dir='ltr'><strong>erat,</strong></span> <span class='ocrx_word' id='word_1_351' title='bbox 533 4505 721 4574; x_wconf 90' lang='lat' dir='ltr'><strong>inquit,</strong></span> <span class='ocrx_word' id='word_1_352' title='bbox 752 4515 799 4560; x_wconf 91' lang='lat' dir='ltr'><strong>et</strong></span> <span class='ocrx_word' id='word_1_353' title='bbox 828 4506 963 4561; x_wconf 90' lang='lat' dir='ltr'><strong>domi</strong></span> <span class='ocrx_word' id='word_1_354' title='bbox 988 4507 1218 4563; x_wconf 79' lang='lat' dir='ltr'><strong>habitans</strong></span> <span class='ocrx_word' id='word_1_355' title='bbox 1240 4506 1495 4581; x_wconf 71' lang='lat' dir='ltr'><strong>[Gen.25.</strong></span> <span class='ocrx_word' id='word_1_356' title='bbox 1515 4508 1608 4580; x_wconf 67' lang='lat'><strong>27]</strong></span> <span class='ocrx_word' id='word_1_357' title='bbox 1636 4510 1676 4579; x_wconf 88' lang='lat'><strong>),</strong></span> <span class='ocrx_word' id='word_1_358' title='bbox 1709 4511 1947 4581; x_wconf 74' lang='lat' dir='ltr'><strong>peregri-</strong></span> 
     </span>
    </p>
   </div>
   <div class='ocr_carea' id='block_1_48' title="bbox 374 4595 1950 4667">
    <p class='ocr_par' dir='ltr' id='par_1_48' title="bbox 374 4595 1950 4667">
     <span class='ocr_line' id='line_1_48' title="bbox 374 4595 1950 4667; baseline 0.006 -23"><span class='ocrx_word' id='word_1_359' title='bbox 374 4600 616 4661; x_wconf 85' lang='lat' dir='ltr'><strong>naturus,</strong></span> <span class='ocrx_word' id='word_1_360' title='bbox 649 4610 818 4663; x_wconf 89' lang='lat' dir='ltr'><strong>neque</strong></span> <span class='ocrx_word' id='word_1_361' title='bbox 839 4595 1095 4665; x_wconf 86' lang='lat' dir='ltr'><strong>jumentis</strong></span> <span class='ocrx_word' id='word_1_362' title='bbox 1122 4598 1330 4667; x_wconf 84' lang='lat' dir='ltr'><strong>egebat,</strong></span> <span class='ocrx_word' id='word_1_363' title='bbox 1356 4614 1525 4667; x_wconf 90' lang='lat' dir='ltr'><strong>neque</strong></span> <span class='ocrx_word' id='word_1_364' title='bbox 1551 4599 1828 4666; x_wconf 89' lang='lat' dir='ltr'><strong>ministris,</strong></span> <span class='ocrx_word' id='word_1_365' title='bbox 1856 4615 1950 4654; x_wconf 85' lang='lat' dir='ltr'><strong>ne-</strong></span> 
     </span>
    </p>
   </div>
   <div class='ocr_carea' id='block_1_49' title="bbox 372 4683 1949 4757">
    <p class='ocr_par' dir='ltr' id='par_1_49' title="bbox 372 4683 1949 4757">
     <span class='ocr_line' id='line_1_49' title="bbox 372 4683 1949 4757; baseline 0.006 -22"><span class='ocrx_word' id='word_1_366' title='bbox 372 4696 478 4750; x_wconf 90' lang='lat' dir='ltr'><strong>que</strong></span> <span class='ocrx_word' id='word_1_367' title='bbox 514 4683 759 4752; x_wconf 88' lang='lat' dir='ltr'><strong>viaticis;</strong></span> <span class='ocrx_word' id='word_1_368' title='bbox 787 4686 879 4741; x_wconf 89' lang='lat' dir='ltr'><strong>sed</strong></span> <span class='ocrx_word' id='word_1_369' title='bbox 915 4688 1264 4756; x_wconf 89' lang='lat' dir='ltr'><strong>apostolicum</strong></span> <span class='ocrx_word' id='word_1_370' title='bbox 1303 4704 1508 4744; x_wconf 89' lang='lat' dir='ltr'><strong>morem</strong></span> <span class='ocrx_word' id='word_1_371' title='bbox 1549 4691 1801 4757; x_wconf 89' lang='lat' dir='ltr'><strong>imitatus,</strong></span> <span class='ocrx_word' id='word_1_372' title='bbox 1846 4693 1949 4747; x_wconf 88' lang='lat' dir='ltr'><strong>iter</strong></span> 
     </span>
    </p>
   </div>
   <div class='ocr_carea' id='block_1_50' title="bbox 372 4773 1949 4850">
    <p class='ocr_par' dir='ltr' id='par_1_50' title="bbox 372 4773 1949 4850">
     <span class='ocr_line' id='line_1_50' title="bbox 372 4773 1949 4850; baseline 0.01 -25"><span class='ocrx_word' id='word_1_373' title='bbox 372 4773 533 4841; x_wconf 61' lang='lat' dir='ltr'><strong>facit;</strong></span> <span class='ocrx_word' id='word_1_374' title='bbox 556 4784 611 4829; x_wconf 89' lang='lat' dir='ltr'><strong>et</strong></span> <span class='ocrx_word' id='word_1_375' title='bbox 638 4790 760 4837; x_wconf 88' lang='lat' dir='ltr'><strong>cum</strong></span> <span class='ocrx_word' id='word_1_376' title='bbox 784 4779 1125 4843; x_wconf 73' lang='lat' dir='ltr'><strong>occumberet</strong></span> <span class='ocrx_word' id='word_1_377' title='bbox 1155 4780 1258 4847; x_wconf 86' lang='lat' dir='ltr'><strong>sol,</strong></span> <span class='ocrx_word' id='word_1_378' title='bbox 1299 4780 1367 4835; x_wconf 92' lang='lat' dir='ltr'><strong>ibi</strong></span> <span class='ocrx_word' id='word_1_379' title='bbox 1398 4781 1665 4850; x_wconf 86' lang='lat' dir='ltr'><strong>dormivit,</strong></span> <span class='ocrx_word' id='word_1_380' title='bbox 1698 4784 1785 4846; x_wconf 88' lang='lat' dir='ltr'><strong>ubi</strong></span> <span class='ocrx_word' id='word_1_381' title='bbox 1826 4797 1949 4840; x_wconf 89' lang='lat' dir='ltr'><strong>eum</strong></span> 
     </span>
    </p>
   </div>
   <div class='ocr_carea' id='block_1_51' title="bbox 373 4870 1949 4947">
    <p class='ocr_par' dir='ltr' id='par_1_51' title="bbox 373 4870 1949 4947">
     <span class='ocr_line' id='line_1_51' title="bbox 373 4870 1949 4947; baseline 0.008 -29"><span class='ocrx_word' id='word_1_382' title='bbox 373 4881 477 4920; x_wconf 83' lang='lat' dir='ltr'><strong>nox</strong></span> <span class='ocrx_word' id='word_1_383' title='bbox 506 4870 927 4939; x_wconf 87' lang='lat' dir='ltr'><strong>comprehendit.</strong></span> <span class='ocrx_word' id='word_1_384' title='bbox 960 4873 1184 4942; x_wconf 81' lang='lat' dir='ltr'><strong>Accepit,</strong></span> <span class='ocrx_word' id='word_1_385' title='bbox 1214 4873 1401 4943; x_wconf 86' lang='lat' dir='ltr'><strong>inquit,</strong></span> <span class='ocrx_word' id='word_1_386' title='bbox 1430 4873 1670 4947; x_wconf 86' lang='lat' dir='ltr'><strong>lapidem,</strong></span> <span class='ocrx_word' id='word_1_387' title='bbox 1704 4886 1753 4931; x_wconf 86' lang='lat' dir='ltr'><strong>et</strong></span> <span class='ocrx_word' id='word_1_388' title='bbox 1782 4879 1949 4945; x_wconf 77' lang='lat' dir='ltr'><strong>posuit</strong></span> 
     </span>
    </p>
   </div>
   <div class='ocr_carea' id='block_1_52' title="bbox 371 4958 1947 5037">
    <p class='ocr_par' dir='ltr' id='par_1_52' title="bbox 371 4958 1947 5037">
     <span class='ocr_line' id='line_1_52' title="bbox 371 4958 1947 5037; baseline 0.006 -27"><span class='ocrx_word' id='word_1_389' title='bbox 371 4958 440 5010; x_wconf 92' lang='lat' dir='ltr'><strong>ad</strong></span> <span class='ocrx_word' id='word_1_390' title='bbox 478 4970 629 5030; x_wconf 87' lang='lat' dir='ltr'><strong>caput</strong></span> <span class='ocrx_word' id='word_1_391' title='bbox 665 4977 833 5023; x_wconf 82' lang='lat' dir='ltr'><strong>suum.</strong></span> <span class='ocrx_word' id='word_1_392' title='bbox 867 4961 997 5018; x_wconf 82' lang='lat' dir='ltr'><strong>Vide</strong></span> <span class='ocrx_word' id='word_1_393' title='bbox 1033 4964 1179 5032; x_wconf 86' lang='lat' dir='ltr'><strong>pueri</strong></span> <span class='ocrx_word' id='word_1_394' title='bbox 1213 4965 1411 5017; x_wconf 88' lang='lat' dir='ltr'><strong>robur:</strong></span> <span class='ocrx_word' id='word_1_395' title='bbox 1447 4964 1628 5034; x_wconf 76' lang='lat' dir='ltr'><strong>lapide,</strong></span> <span class='ocrx_word' id='word_1_396' title='bbox 1655 4982 1748 5035; x_wconf 88' lang='lat' dir='ltr'><strong>pro</strong></span> <span class='ocrx_word' id='word_1_397' title='bbox 1774 4967 1947 5037; x_wconf 87' lang='lat' dir='ltr'><strong>pulvi-</strong></span> 
     </span>
    </p>
   </div>
   <div class='ocr_carea' id='block_1_53' title="bbox 374 5050 1942 5126">
    <p class='ocr_par' dir='ltr' id='par_1_53' title="bbox 374 5050 1942 5126">
     <span class='ocr_line' id='line_1_53' title="bbox 374 5050 1942 5126; baseline 0.005 -23"><span class='ocrx_word' id='word_1_398' title='bbox 374 5050 489 5105; x_wconf 90' lang='lat' dir='ltr'><strong>nari</strong></span> <span class='ocrx_word' id='word_1_399' title='bbox 522 5068 648 5108; x_wconf 92' lang='lat' dir='ltr'><strong>usus</strong></span> <span class='ocrx_word' id='word_1_400' title='bbox 668 5063 767 5118; x_wconf 89' lang='lat' dir='ltr'><strong>est,</strong></span> <span class='ocrx_word' id='word_1_401' title='bbox 793 5062 848 5110; x_wconf 89' lang='lat' dir='ltr'><strong>et</strong></span> <span class='ocrx_word' id='word_1_402' title='bbox 873 5069 1033 5123; x_wconf 83' lang='lat' dir='ltr'><strong>super</strong></span> <span class='ocrx_word' id='word_1_403' title='bbox 1061 5056 1419 5123; x_wconf 88' lang='lat' dir='ltr'><strong>pavimentum</strong></span> <span class='ocrx_word' id='word_1_404' title='bbox 1456 5056 1726 5111; x_wconf 83' lang='lat' dir='ltr'><strong>dormivit.</strong></span> <span class='ocrx_word' id='word_1_405' title='bbox 1761 5058 1942 5126; x_wconf 81' lang='lat' dir='ltr'><strong>Igitur,</strong></span> 
     </span>
    </p>
   </div>
   <div class='ocr_carea' id='block_1_54' title="bbox 372 5142 1947 5214">
    <p class='ocr_par' dir='ltr' id='par_1_54' title="bbox 372 5142 1947 5214">
     <span class='ocr_line' id='line_1_54' title="bbox 372 5142 1947 5214; baseline 0.008 -21"><span class='ocrx_word' id='word_1_406' title='bbox 372 5142 622 5210; x_wconf 89' lang='lat' dir='ltr'><strong>quoniam</strong></span> <span class='ocrx_word' id='word_1_407' title='bbox 647 5145 783 5201; x_wconf 88' lang='lat' dir='ltr'><strong>bene</strong></span> <span class='ocrx_word' id='word_1_408' title='bbox 810 5155 1070 5201; x_wconf 90' lang='lat' dir='ltr'><strong>moratam</strong></span> <span class='ocrx_word' id='word_1_409' title='bbox 1098 5148 1330 5203; x_wconf 86' lang='lat' dir='ltr'><strong>animam</strong></span> <span class='ocrx_word' id='word_1_410' title='bbox 1371 5145 1619 5214; x_wconf 90' lang='lat' dir='ltr'><strong>habebat,</strong></span> <span class='ocrx_word' id='word_1_411' title='bbox 1652 5159 1706 5204; x_wconf 92' lang='lat' dir='ltr'><strong>et</strong></span> <span class='ocrx_word' id='word_1_412' title='bbox 1738 5148 1947 5205; x_wconf 64' lang='lat' dir='ltr'><strong>virilem</strong></span> 
     </span>
    </p>
   </div>
   <div class='ocr_carea' id='block_1_55' title="bbox 373 5231 1946 5306">
    <p class='ocr_par' dir='ltr' id='par_1_55' title="bbox 373 5231 1946 5306">
     <span class='ocr_line' id='line_1_55' title="bbox 373 5231 1946 5306; baseline 0.007 -22"><span class='ocrx_word' id='word_1_413' title='bbox 373 5231 638 5300; x_wconf 86' lang='lat' dir='ltr'><strong>spiritum,</strong></span> <span class='ocrx_word' id='word_1_414' title='bbox 668 5235 736 5289; x_wconf 90' lang='lat' dir='ltr'><strong>ab</strong></span> <span class='ocrx_word' id='word_1_415' title='bbox 765 5237 911 5291; x_wconf 88' lang='lat' dir='ltr'><strong>omni</strong></span> <span class='ocrx_word' id='word_1_416' title='bbox 937 5238 1176 5292; x_wconf 80' lang='lat' dir='ltr'><strong>saeculari</strong></span> <span class='ocrx_word' id='word_1_417' title='bbox 1212 5238 1441 5294; x_wconf 87' lang='lat' dir='ltr'><strong>vanitate</strong></span> <span class='ocrx_word' id='word_1_418' title='bbox 1480 5240 1726 5306; x_wconf 91' lang='lat' dir='ltr'><strong>liberum,</strong></span> <span class='ocrx_word' id='word_1_419' title='bbox 1768 5242 1946 5296; x_wconf 87' lang='lat' dir='ltr'><strong>admi-</strong></span> 
     </span>
    </p>
   </div>
   <div class='ocr_carea' id='block_1_56' title="bbox 375 5324 1949 5402">
    <p class='ocr_par' dir='ltr' id='par_1_56' title="bbox 375 5324 1949 5402">
     <span class='ocr_line' id='line_1_56' title="bbox 375 5324 1949 5402; baseline 0.007 -25"><span class='ocrx_word' id='word_1_420' title='bbox 375 5324 596 5379; x_wconf 88' lang='lat' dir='ltr'><strong>rabilem</strong></span> <span class='ocrx_word' id='word_1_421' title='bbox 624 5327 880 5381; x_wconf 72' lang='lat' dir='ltr'><strong>visionem</strong></span> <span class='ocrx_word' id='word_1_422' title='bbox 915 5327 1059 5382; x_wconf 88' lang='lat' dir='ltr'><strong>illam</strong></span> <span class='ocrx_word' id='word_1_423' title='bbox 1101 5329 1314 5391; x_wconf 87' lang='lat' dir='ltr'><strong>meruit.</strong></span> <span class='ocrx_word' id='word_1_424' title='bbox 1359 5329 1475 5385; x_wconf 83' lang='lat' dir='ltr'><strong>Hoc</strong></span> <span class='ocrx_word' id='word_1_425' title='bbox 1502 5331 1642 5384; x_wconf 92' lang='lat' dir='ltr'><strong>enim</strong></span> <span class='ocrx_word' id='word_1_426' title='bbox 1669 5346 1816 5386; x_wconf 90' lang='lat' dir='ltr'><strong>more</strong></span> <span class='ocrx_word' id='word_1_427' title='bbox 1840 5335 1949 5402; x_wconf 80' lang='lat' dir='ltr'><strong>agit</strong></span> 
     </span>
    </p>
   </div>
   <div class='ocr_carea' id='block_1_57' title="bbox 375 5418 1944 5495">
    <p class='ocr_par' dir='ltr' id='par_1_57' title="bbox 375 5418 1944 5495">
     <span class='ocr_line' id='line_1_57' title="bbox 375 5418 1944 5495; baseline 0.008 -26"><span class='ocrx_word' id='word_1_428' title='bbox 375 5418 626 5473; x_wconf 83' lang='lat' dir='ltr'><strong>Dominus</strong></span> <span class='ocrx_word' id='word_1_429' title='bbox 647 5429 856 5487; x_wconf 88' lang='lat' dir='ltr'><strong>noster;</strong></span> <span class='ocrx_word' id='word_1_430' title='bbox 885 5421 1096 5492; x_wconf 87' lang='lat' dir='ltr'><strong>quando</strong></span> <span class='ocrx_word' id='word_1_431' title='bbox 1120 5423 1260 5479; x_wconf 86' lang='lat' dir='ltr'><strong>videt</strong></span> <span class='ocrx_word' id='word_1_432' title='bbox 1278 5424 1507 5479; x_wconf 90' lang='lat' dir='ltr'><strong>animam</strong></span> <span class='ocrx_word' id='word_1_433' title='bbox 1528 5426 1664 5481; x_wconf 86' lang='lat' dir='ltr'><strong>bene</strong></span> <span class='ocrx_word' id='word_1_434' title='bbox 1679 5427 1944 5495; x_wconf 71' lang='lat' dir='ltr'><strong>affectam,</strong></span> 
     </span>
    </p>
   </div>
   <div class='ocr_carea' id='block_1_58' title="bbox 373 5510 1946 5584">
    <p class='ocr_par' dir='ltr' id='par_1_58' title="bbox 373 5510 1946 5584">
     <span class='ocr_line' id='line_1_58' title="bbox 373 5510 1946 5584; baseline 0.009 -24"><span class='ocrx_word' id='word_1_435' title='bbox 373 5510 652 5575; x_wconf 54' lang='lat' dir='ltr'><strong>prtesentia</strong></span> <span class='ocrx_word' id='word_1_436' title='bbox 679 5525 783 5565; x_wconf 91' lang='lat' dir='ltr'><strong>non</strong></span> <span class='ocrx_word' id='word_1_437' title='bbox 822 5512 999 5581; x_wconf 83' lang='lat' dir='ltr'><strong>magni</strong></span> <span class='ocrx_word' id='word_1_438' title='bbox 1027 5510 1329 5583; x_wconf 87' lang='lat' dir='ltr'><strong>facientem,</strong></span> <span class='ocrx_word' id='word_1_439' title='bbox 1359 5515 1641 5584; x_wconf 86' lang='lat' dir='ltr'><strong>plurimam</strong></span> <span class='ocrx_word' id='word_1_440' title='bbox 1666 5516 1766 5572; x_wconf 91' lang='lat' dir='ltr'><strong>sibi</strong></span> <span class='ocrx_word' id='word_1_441' title='bbox 1802 5518 1946 5574; x_wconf 90' lang='lat' dir='ltr'><strong>illius</strong></span> 
     </span>
    </p>
   </div>
   <div class='ocr_carea' id='block_1_59' title="bbox 374 5601 973 5659">
    <p class='ocr_par' dir='ltr' id='par_1_59' title="bbox 374 5601 973 5659">
     <span class='ocr_line' id='line_1_59' title="bbox 374 5601 973 5659; baseline 0.007 -8"><span class='ocrx_word' id='word_1_442' title='bbox 374 5615 495 5651; x_wconf 71' lang='lat' dir='ltr'><strong>cura</strong></span> <span class='ocrx_word' id='word_1_443' title='bbox 505 5615 553 5651; x_wconf 92' lang='lat' dir='ltr'><strong>m</strong></span> <span class='ocrx_word' id='word_1_444' title='bbox 576 5615 694 5655; x_wconf 88' lang='lat' dir='ltr'><strong>esse</strong></span> <span class='ocrx_word' id='word_1_445' title='bbox 719 5601 973 5659; x_wconf 88' lang='lat' dir='ltr'><strong>declarat.</strong></span> 
     </span>
    </p>
   </div>
   <div class='ocr_carea' id='block_1_60' title="bbox 444 5689 1945 5769">
    <p class='ocr_par' dir='ltr' id='par_1_60' title="bbox 444 5689 1945 5769">
     <span class='ocr_line' id='line_1_60' title="bbox 444 5689 1945 5769; baseline 0.009 -25"><span class='ocrx_word' id='word_1_446' title='bbox 444 5689 499 5744; x_wconf 70' lang='grc'><strong>4.</strong></span> <span class='ocrx_word' id='word_1_447' title='bbox 542 5689 671 5746; x_wconf 85' lang='lat' dir='ltr'><strong>Vide</strong></span> <span class='ocrx_word' id='word_1_448' title='bbox 712 5690 867 5761; x_wconf 81' lang='lat' dir='ltr'><strong>igitur</strong></span> <span class='ocrx_word' id='word_1_449' title='bbox 899 5694 1096 5764; x_wconf 85' lang='lat' dir='ltr'><strong>justum</strong></span> <span class='ocrx_word' id='word_1_450' title='bbox 1133 5695 1282 5753; x_wconf 86' lang='lat' dir='ltr'><strong>illum</strong></span> <span class='ocrx_word' id='word_1_451' title='bbox 1309 5695 1364 5753; x_wconf 87' lang='lat' dir='ltr'><strong>in</strong></span> <span class='ocrx_word' id='word_1_452' title='bbox 1400 5697 1517 5754; x_wconf 86' lang='lat' dir='ltr'><strong>solo</strong></span> <span class='ocrx_word' id='word_1_453' title='bbox 1545 5699 1862 5769; x_wconf 78' lang='lat' dir='ltr'><strong>cubantem,</strong></span> <span class='ocrx_word' id='word_1_454' title='bbox 1889 5710 1945 5758; x_wconf 90' lang='lat' dir='ltr'><strong>et</strong></span> 
     </span>
    </p>
   </div>
   <div class='ocr_carea' id='block_1_61' title="bbox 1068 288 2861 364">
    <p class='ocr_par' dir='ltr' id='par_1_61' title="bbox 1068 288 2861 364">
     <span class='ocr_line' id='line_1_61' title="bbox 1068 288 2861 364; baseline -0.006 0"><span class='ocrx_word' id='word_1_455' title='bbox 1068 308 1123 364; x_wconf 86' lang='lat' dir='ltr'><strong>S.</strong></span> <span class='ocrx_word' id='word_1_456' title='bbox 1163 304 1439 362; x_wconf 77' lang='lat' dir='ltr'><strong>JOANNIS</strong></span> <span class='ocrx_word' id='word_1_457' title='bbox 1474 292 1946 359; x_wconf 68' lang='lat' dir='ltr'><strong>CIIRYSOSTOIII</strong></span> <span class='ocrx_word' id='word_1_458' title='bbox 1984 288 2296 354; x_wconf 75' lang='lat' dir='ltr'><strong>ARClllEP.</strong></span> <span class='ocrx_word' id='word_1_459' title='bbox 2325 301 2861 358; x_wconf 81' lang='lat' dir='ltr'><strong>CONSTANTINOP.</strong></span> 
     </span>
    </p>
   </div>
   <div class='ocr_carea' id='block_1_62' title="bbox 3533 304 3624 355">
    <p class='ocr_par' dir='ltr' id='par_1_62' title="bbox 3533 304 3624 355">
     <span class='ocr_line' id='line_1_62' title="bbox 3533 304 3624 355; baseline -0.022 0"><span class='ocrx_word' id='word_1_460' title='bbox 3533 304 3624 355; x_wconf 70' lang='grc' dir='ltr'><strong>ιτε</strong></span> 
     </span>
    </p>
   </div>
   <div class='ocr_carea' id='block_1_63' title="bbox 2034 412 3627 483">
    <p class='ocr_par' dir='ltr' id='par_1_63' title="bbox 2034 412 3627 483">
     <span class='ocr_line' id='line_1_63' title="bbox 2034 412 3627 483; baseline -0.001 -18"><span class='ocrx_word' id='word_1_461' title='bbox 2034 412 2293 466; x_wconf 75' lang='lat' dir='ltr'><strong>visionem</strong></span> <span class='ocrx_word' id='word_1_462' title='bbox 2322 413 2587 468; x_wconf 88' lang='lat' dir='ltr'><strong>videntem</strong></span> <span class='ocrx_word' id='word_1_463' title='bbox 2613 456 2628 479; x_wconf 87' lang='lat'><strong>,</strong></span> <span class='ocrx_word' id='word_1_464' title='bbox 2662 414 2769 469; x_wconf 92' lang='lat' dir='ltr'><strong>imo</strong></span> <span class='ocrx_word' id='word_1_465' title='bbox 2801 415 2999 469; x_wconf 84' lang='lat' dir='ltr'><strong>visione</strong></span> <span class='ocrx_word' id='word_1_466' title='bbox 3030 414 3235 467; x_wconf 85' lang='lat' dir='ltr'><strong>Domini</strong></span> <span class='ocrx_word' id='word_1_467' title='bbox 3277 414 3510 483; x_wconf 80' lang='lat' dir='ltr'><strong>dignum</strong></span> <span class='ocrx_word' id='word_1_468' title='bbox 3543 416 3627 466; x_wconf 76' lang='lat' dir='ltr'><strong>ha-</strong></span> 
     </span>
    </p>
   </div>
   <div class='ocr_carea' id='block_1_64' title="bbox 2037 500 3631 571">
    <p class='ocr_par' dir='ltr' id='par_1_64' title="bbox 2037 500 3631 571">
     <span class='ocr_line' id='line_1_64' title="bbox 2037 500 3631 571; baseline 0.003 -16"><span class='ocrx_word' id='word_1_469' title='bbox 2037 500 2220 555; x_wconf 88' lang='lat' dir='ltr'><strong>bitum.</strong></span> <span class='ocrx_word' id='word_1_470' title='bbox 2251 502 2385 557; x_wconf 87' lang='lat' dir='ltr'><strong>Dicit</strong></span> <span class='ocrx_word' id='word_1_471' title='bbox 2409 505 2550 559; x_wconf 89' lang='lat' dir='ltr'><strong>enim</strong></span> <span class='ocrx_word' id='word_1_472' title='bbox 2576 522 2588 557; x_wconf 93' lang='lat'>:</span> <span class='ocrx_word' id='word_1_473' title='bbox 2622 504 2930 558; x_wconf 82' lang='lat' dir='ltr'><strong>Ubdormivit</strong></span> <span class='ocrx_word' id='word_1_474' title='bbox 2954 546 2969 571; x_wconf 93' lang='lat'><strong>,</strong></span> <span class='ocrx_word' id='word_1_475' title='bbox 2998 507 3085 562; x_wconf 73' lang='lat'><strong>12.</strong></span> <span class='ocrx_word' id='word_1_476' title='bbox 3112 512 3156 558; x_wconf 83' lang='lat' dir='ltr'><strong>et</strong></span> <span class='ocrx_word' id='word_1_477' title='bbox 3194 522 3311 558; x_wconf 84' lang='lat' dir='ltr'><strong>ecce</strong></span> <span class='ocrx_word' id='word_1_478' title='bbox 3357 509 3507 557; x_wconf 63' lang='lat' dir='ltr'><strong>“ala</strong></span> <span class='ocrx_word' id='word_1_479' title='bbox 3533 522 3631 560; x_wconf 74' lang='lat' dir='ltr'><strong>erat</strong></span> 
     </span>
    </p>
   </div>
   <div class='ocr_carea' id='block_1_65' title="bbox 2038 592 3635 665">
    <p class='ocr_par' dir='ltr' id='par_1_65' title="bbox 2038 592 3635 665">
     <span class='ocr_line' id='line_1_65' title="bbox 2038 592 3635 665; baseline 0.001 -20"><span class='ocrx_word' id='word_1_480' title='bbox 2038 592 2239 660; x_wconf 78' lang='lat' dir='ltr'><strong>ﬁrmata</strong></span> <span class='ocrx_word' id='word_1_481' title='bbox 2262 608 2412 660; x_wconf 85' lang='lat' dir='ltr'><strong>super</strong></span> <span class='ocrx_word' id='word_1_482' title='bbox 2438 604 2641 659; x_wconf 79' lang='lat' dir='ltr'><strong>tet-ram,</strong></span> <span class='ocrx_word' id='word_1_483' title='bbox 2663 597 2809 661; x_wconf 81' lang='lat' dir='ltr'><strong>cuius</strong></span> <span class='ocrx_word' id='word_1_484' title='bbox 2837 604 2990 665; x_wconf 80' lang='lat' dir='ltr'><strong>caput</strong></span> <span class='ocrx_word' id='word_1_485' title='bbox 3017 596 3328 664; x_wconf 86' lang='lat' dir='ltr'><strong>pertingebat</strong></span> <span class='ocrx_word' id='word_1_486' title='bbox 3352 596 3410 647; x_wconf 85' lang='lat' dir='ltr'><strong>in</strong></span> <span class='ocrx_word' id='word_1_487' title='bbox 3429 599 3635 657; x_wconf 69' lang='lat' dir='ltr'><strong>scim,</strong></span> 
     </span>
    </p>
   </div>
   <div class='ocr_carea' id='block_1_66' title="bbox 2038 684 3636 755">
    <p class='ocr_par' dir='ltr' id='par_1_66' title="bbox 2038 684 3636 755">
     <span class='ocr_line' id='line_1_66' title="bbox 2038 684 3636 755; baseline 0.002 -18"><span class='ocrx_word' id='word_1_488' title='bbox 2038 691 2084 737; x_wconf 89' lang='lat' dir='ltr'><strong>et</strong></span> <span class='ocrx_word' id='word_1_489' title='bbox 2112 685 2281 755; x_wconf 75' lang='lat' dir='ltr'><strong>angeli</strong></span> <span class='ocrx_word' id='word_1_490' title='bbox 2318 684 2415 738; x_wconf 87' lang='lat' dir='ltr'><strong>Dei</strong></span> <span class='ocrx_word' id='word_1_491' title='bbox 2437 685 2767 740; x_wconf 85' lang='lat' dir='ltr'><strong>ascendebant</strong></span> <span class='ocrx_word' id='word_1_492' title='bbox 2788 697 2834 740; x_wconf 86' lang='lat' dir='ltr'><strong>et</strong></span> <span class='ocrx_word' id='word_1_493' title='bbox 2864 687 3225 740; x_wconf 84' lang='lat' dir='ltr'><strong>descendebant</strong></span> <span class='ocrx_word' id='word_1_494' title='bbox 3253 703 3418 752; x_wconf 83' lang='lat' dir='ltr'><strong>super</strong></span> <span class='ocrx_word' id='word_1_495' title='bbox 3458 703 3579 739; x_wconf 76' lang='lat' dir='ltr'><strong>cum</strong></span> <span class='ocrx_word' id='word_1_496' title='bbox 3600 691 3636 741; x_wconf 70' lang='grc' dir='ltr'><strong>ί.</strong></span> 
     </span>
    </p>
   </div>
   <div class='ocr_carea' id='block_1_67' title="bbox 2041 775 3639 846">
    <p class='ocr_par' dir='ltr' id='par_1_67' title="bbox 2041 775 3639 846">
     <span class='ocr_line' id='line_1_67' title="bbox 2041 775 3639 846; baseline 0.001 -18"><span class='ocrx_word' id='word_1_497' title='bbox 2041 776 2128 829; x_wconf 78' lang='lat' dir='ltr'><strong>l3.</strong></span> <span class='ocrx_word' id='word_1_498' title='bbox 2156 775 2405 829; x_wconf 86' lang='lat' dir='ltr'><strong>Dominus</strong></span> <span class='ocrx_word' id='word_1_499' title='bbox 2428 786 2595 830; x_wconf 88' lang='lat' dir='ltr'><strong>autem</strong></span> <span class='ocrx_word' id='word_1_500' title='bbox 2619 777 2823 831; x_wconf 71' lang='lat' dir='ltr'><strong>innixus</strong></span> <span class='ocrx_word' id='word_1_501' title='bbox 2855 786 2962 831; x_wconf 89' lang='lat' dir='ltr'><strong>erat</strong></span> <span class='ocrx_word' id='word_1_502' title='bbox 3006 793 3158 846; x_wconf 83' lang='lat' dir='ltr'><strong>super</strong></span> <span class='ocrx_word' id='word_1_503' title='bbox 3181 794 3295 831; x_wconf 86' lang='lat' dir='ltr'><strong>eam</strong></span> <span class='ocrx_word' id='word_1_504' title='bbox 3321 819 3338 840; x_wconf 93' lang='lat'><strong>,</strong></span> <span class='ocrx_word' id='word_1_505' title='bbox 3370 786 3422 830; x_wconf 85' lang='lat' dir='ltr'><strong>et</strong></span> <span class='ocrx_word' id='word_1_506' title='bbox 3461 778 3601 829; x_wconf 68' lang='lat' dir='ltr'><strong>dixit</strong></span> <span class='ocrx_word' id='word_1_507' title='bbox 3628 820 3639 829; x_wconf 88' lang='lat'><strong>.</strong></span> 
     </span>
    </p>
   </div>
   <div class='ocr_carea' id='block_1_68' title="bbox 2041 862 3643 935">
    <p class='ocr_par' dir='ltr' id='par_1_68' title="bbox 2041 862 3643 935">
     <span class='ocr_line' id='line_1_68' title="bbox 2041 862 3643 935; baseline 0.002 -17"><span class='ocrx_word' id='word_1_508' title='bbox 2041 862 2153 934; x_wconf 84' lang='lat' dir='ltr'><strong>Ego</strong></span> <span class='ocrx_word' id='word_1_509' title='bbox 2173 865 2312 921; x_wconf 84' lang='lat' dir='ltr'><strong>Deus</strong></span> <span class='ocrx_word' id='word_1_510' title='bbox 2330 866 2604 933; x_wconf 73' lang='lat' dir='ltr'><strong>Abraham,</strong></span> <span class='ocrx_word' id='word_1_511' title='bbox 2627 877 2674 920; x_wconf 87' lang='lat' dir='ltr'><strong>et</strong></span> <span class='ocrx_word' id='word_1_512' title='bbox 2697 866 2833 921; x_wconf 87' lang='lat' dir='ltr'><strong>Deus</strong></span> <span class='ocrx_word' id='word_1_513' title='bbox 2854 866 3005 921; x_wconf 84' lang='lat' dir='ltr'><strong>Isaac</strong></span> <span class='ocrx_word' id='word_1_514' title='bbox 3025 869 3180 935; x_wconf 86' lang='lat' dir='ltr'><strong>patris</strong></span> <span class='ocrx_word' id='word_1_515' title='bbox 3203 868 3279 920; x_wconf 86' lang='lat' dir='ltr'><strong>tui</strong></span> <span class='ocrx_word' id='word_1_516' title='bbox 3305 884 3327 921; x_wconf 90' lang='lat'><em>:</em></span> <span class='ocrx_word' id='word_1_517' title='bbox 3352 884 3418 920; x_wconf 82' lang='lat' dir='ltr'><strong>ne</strong></span> <span class='ocrx_word' id='word_1_518' title='bbox 3438 868 3643 922; x_wconf 72' lang='lat' dir='ltr'><strong>timeas.</strong></span> 
     </span>
    </p>
   </div>
   <div class='ocr_carea' id='block_1_69' title="bbox 2039 954 3645 1024">
    <p class='ocr_par' dir='ltr' id='par_1_69' title="bbox 2039 954 3645 1024">
     <span class='ocr_line' id='line_1_69' title="bbox 2039 954 3645 1024; baseline 0.002 -15"><span class='ocrx_word' id='word_1_519' title='bbox 2039 954 2328 1010; x_wconf 86' lang='lat' dir='ltr'><strong>Considera</strong></span> <span class='ocrx_word' id='word_1_520' title='bbox 2356 998 2372 1024; x_wconf 91' lang='lat'><strong>,</strong></span> <span class='ocrx_word' id='word_1_521' title='bbox 2400 958 2657 1022; x_wconf 88' lang='lat' dir='ltr'><strong>obsecro,</strong></span> <span class='ocrx_word' id='word_1_522' title='bbox 2690 957 2776 1013; x_wconf 91' lang='lat' dir='ltr'><strong>hic</strong></span> <span class='ocrx_word' id='word_1_523' title='bbox 2822 959 3075 1012; x_wconf 78' lang='lat' dir='ltr'><strong>eximiam</strong></span> <span class='ocrx_word' id='word_1_524' title='bbox 3126 974 3311 1013; x_wconf 91' lang='lat' dir='ltr'><strong>curam</strong></span> <span class='ocrx_word' id='word_1_525' title='bbox 3352 958 3645 1012; x_wconf 80' lang='lat' dir='ltr'><strong>clementis</strong></span> 
     </span>
    </p>
   </div>
   <div class='ocr_carea' id='block_1_70' title="bbox 2043 1045 3644 1112">
    <p class='ocr_par' dir='ltr' id='par_1_70' title="bbox 2043 1045 3644 1112">
     <span class='ocr_line' id='line_1_70' title="bbox 2043 1045 3644 1112; baseline 0.002 -12"><span class='ocrx_word' id='word_1_526' title='bbox 2043 1045 2157 1100; x_wconf 86' lang='lat' dir='ltr'><strong>Dei.</strong></span> <span class='ocrx_word' id='word_1_527' title='bbox 2185 1046 2319 1112; x_wconf 84' lang='lat' dir='ltr'><strong>Quia</strong></span> <span class='ocrx_word' id='word_1_528' title='bbox 2359 1048 2571 1102; x_wconf 87' lang='lat' dir='ltr'><strong>videbat</strong></span> <span class='ocrx_word' id='word_1_529' title='bbox 2613 1064 2734 1103; x_wconf 89' lang='lat' dir='ltr'><strong>eum</strong></span> <span class='ocrx_word' id='word_1_530' title='bbox 2781 1048 3073 1104; x_wconf 90' lang='lat' dir='ltr'><strong>secundum</strong></span> <span class='ocrx_word' id='word_1_531' title='bbox 3114 1051 3408 1104; x_wconf 90' lang='lat' dir='ltr'><strong>consilium</strong></span> <span class='ocrx_word' id='word_1_532' title='bbox 3457 1051 3644 1103; x_wconf 82' lang='lat' dir='ltr'><strong>matris</strong></span> 
     </span>
    </p>
   </div>
   <div class='ocr_carea' id='block_1_71' title="bbox 2042 1137 3644 1210">
    <p class='ocr_par' dir='ltr' id='par_1_71' title="bbox 2042 1137 3644 1210">
     <span class='ocr_line' id='line_1_71' title="bbox 2042 1137 3644 1210; baseline 0.001 -18"><span class='ocrx_word' id='word_1_533' title='bbox 2042 1147 2258 1207; x_wconf 89' lang='lat' dir='ltr'><strong>propter</strong></span> <span class='ocrx_word' id='word_1_534' title='bbox 2283 1137 2528 1193; x_wconf 90' lang='lat' dir='ltr'><strong>timorem</strong></span> <span class='ocrx_word' id='word_1_535' title='bbox 2576 1138 2750 1192; x_wconf 82' lang='lat' dir='ltr'><strong>fratris</strong></span> <span class='ocrx_word' id='word_1_536' title='bbox 2789 1140 3269 1210; x_wconf 84' lang='lat' dir='ltr'><strong>peregrinationem</strong></span> <span class='ocrx_word' id='word_1_537' title='bbox 3315 1141 3644 1208; x_wconf 74' lang='lat' dir='ltr'><strong>suscipere,</strong></span> 
     </span>
    </p>
   </div>
   <div class='ocr_carea' id='block_1_72' title="bbox 2038 1229 3645 1299">
    <p class='ocr_par' dir='ltr' id='par_1_72' title="bbox 2038 1229 3645 1299">
     <span class='ocr_line' id='line_1_72' title="bbox 2038 1229 3645 1299; baseline 0.001 -17"><span class='ocrx_word' id='word_1_538' title='bbox 2038 1238 2094 1282; x_wconf 91' lang='lat' dir='ltr'><strong>et</strong></span> <span class='ocrx_word' id='word_1_539' title='bbox 2119 1229 2267 1298; x_wconf 89' lang='lat' dir='ltr'><strong>quasi</strong></span> <span class='ocrx_word' id='word_1_540' title='bbox 2297 1243 2544 1284; x_wconf 88' lang='lat' dir='ltr'><strong>erronem</strong></span> <span class='ocrx_word' id='word_1_541' title='bbox 2575 1230 2856 1299; x_wconf 87' lang='lat' dir='ltr'><strong>quemdam</strong></span> <span class='ocrx_word' id='word_1_542' title='bbox 2884 1231 2983 1285; x_wconf 91' lang='lat' dir='ltr'><strong>iter</strong></span> <span class='ocrx_word' id='word_1_543' title='bbox 3011 1229 3183 1286; x_wconf 87' lang='lat' dir='ltr'><strong>facere</strong></span> <span class='ocrx_word' id='word_1_544' title='bbox 3206 1272 3222 1296; x_wconf 87' lang='lat'><strong>,</strong></span> <span class='ocrx_word' id='word_1_545' title='bbox 3255 1230 3443 1284; x_wconf 88' lang='lat' dir='ltr'><strong>solum</strong></span> <span class='ocrx_word' id='word_1_546' title='bbox 3488 1240 3645 1297; x_wconf 69' lang='lat' dir='ltr'><strong>atque</strong></span> 
     </span>
    </p>
   </div>
   <div class='ocr_carea' id='block_1_73' title="bbox 2044 1319 3641 1391">
    <p class='ocr_par' dir='ltr' id='par_1_73' title="bbox 2044 1319 3641 1391">
     <span class='ocr_line' id='line_1_73' title="bbox 2044 1319 3641 1391; baseline 0.001 -20"><span class='ocrx_word' id='word_1_547' title='bbox 2044 1319 2110 1373; x_wconf 89' lang='lat' dir='ltr'><strong>ab</strong></span> <span class='ocrx_word' id='word_1_548' title='bbox 2150 1319 2267 1373; x_wconf 91' lang='lat' dir='ltr'><strong>aliis</strong></span> <span class='ocrx_word' id='word_1_549' title='bbox 2294 1320 2614 1374; x_wconf 77' lang='lat' dir='ltr'><strong>abstractum</strong></span> <span class='ocrx_word' id='word_1_550' title='bbox 2649 1322 2949 1391; x_wconf 86' lang='lat' dir='ltr'><strong>nullamque</strong></span> <span class='ocrx_word' id='word_1_551' title='bbox 2987 1321 3271 1377; x_wconf 88' lang='lat' dir='ltr'><strong>habentem</strong></span> <span class='ocrx_word' id='word_1_552' title='bbox 3301 1320 3641 1375; x_wconf 76' lang='lat' dir='ltr'><strong>consolatio-</strong></span> 
     </span>
    </p>
   </div>
   <div class='ocr_carea' id='block_1_74' title="bbox 2045 1408 3641 1480">
    <p class='ocr_par' dir='ltr' id='par_1_74' title="bbox 2045 1408 3641 1480">
     <span class='ocr_line' id='line_1_74' title="bbox 2045 1408 3641 1480; baseline 0.001 -18"><span class='ocrx_word' id='word_1_553' title='bbox 2045 1422 2165 1462; x_wconf 87' lang='lat' dir='ltr'><strong>nem</strong></span> <span class='ocrx_word' id='word_1_554' title='bbox 2190 1409 2301 1463; x_wconf 88' lang='lat' dir='ltr'><strong>ullo</strong></span> <span class='ocrx_word' id='word_1_555' title='bbox 2328 1422 2394 1465; x_wconf 82' lang='lat' dir='ltr'><strong>ex</strong></span> <span class='ocrx_word' id='word_1_556' title='bbox 2425 1410 2564 1477; x_wconf 91' lang='lat' dir='ltr'><strong>loco,</strong></span> <span class='ocrx_word' id='word_1_557' title='bbox 2596 1408 2690 1465; x_wconf 86' lang='lat' dir='ltr'><strong>sed</strong></span> <span class='ocrx_word' id='word_1_558' title='bbox 2718 1420 2884 1465; x_wconf 90' lang='lat' dir='ltr'><strong>totum</strong></span> <span class='ocrx_word' id='word_1_559' title='bbox 2929 1411 2981 1465; x_wconf 89' lang='lat' dir='ltr'><strong>in</strong></span> <span class='ocrx_word' id='word_1_560' title='bbox 3032 1425 3331 1480; x_wconf 89' lang='lat' dir='ltr'><strong>supernum</strong></span> <span class='ocrx_word' id='word_1_561' title='bbox 3383 1410 3641 1464; x_wconf 77' lang='lat' dir='ltr'><strong>auxilium</strong></span> 
     </span>
    </p>
   </div>
   <div class='ocr_carea' id='block_1_75' title="bbox 2045 1498 3643 1571">
    <p class='ocr_par' dir='ltr' id='par_1_75' title="bbox 2045 1498 3643 1571">
     <span class='ocr_line' id='line_1_75' title="bbox 2045 1498 3643 1571; baseline 0.004 -21"><span class='ocrx_word' id='word_1_562' title='bbox 2045 1498 2408 1566; x_wconf 84' lang='lat' dir='ltr'><strong>projicientem</strong></span> <span class='ocrx_word' id='word_1_563' title='bbox 2436 1515 2454 1554; x_wconf 88' lang='lat'><strong>:</strong></span> <span class='ocrx_word' id='word_1_564' title='bbox 2478 1501 2653 1555; x_wconf 88' lang='lat' dir='ltr'><strong>statim</strong></span> <span class='ocrx_word' id='word_1_565' title='bbox 2689 1501 2741 1555; x_wconf 88' lang='lat' dir='ltr'><strong>in</strong></span> <span class='ocrx_word' id='word_1_566' title='bbox 2771 1502 2885 1571; x_wconf 87' lang='lat' dir='ltr'><strong>ipso</strong></span> <span class='ocrx_word' id='word_1_567' title='bbox 2910 1502 3059 1556; x_wconf 85' lang='lat' dir='ltr'><strong>initio</strong></span> <span class='ocrx_word' id='word_1_568' title='bbox 3086 1504 3274 1557; x_wconf 85' lang='lat' dir='ltr'><strong>volens</strong></span> <span class='ocrx_word' id='word_1_569' title='bbox 3312 1502 3643 1557; x_wconf 83' lang='lat' dir='ltr'><strong>continuare</strong></span> 
     </span>
    </p>
   </div>
   <div class='ocr_carea' id='block_1_76' title="bbox 2044 1589 3643 1665">
    <p class='ocr_par' dir='ltr' id='par_1_76' title="bbox 2044 1589 3643 1665">
     <span class='ocr_line' id='line_1_76' title="bbox 2044 1589 3643 1665; baseline 0.003 -23"><span class='ocrx_word' id='word_1_570' title='bbox 2044 1589 2368 1644; x_wconf 83' lang='lat' dir='ltr'><strong>alacritatem</strong></span> <span class='ocrx_word' id='word_1_571' title='bbox 2397 1591 2511 1661; x_wconf 85' lang='lat' dir='ltr'><strong>ejus</strong></span> <span class='ocrx_word' id='word_1_572' title='bbox 2530 1632 2545 1656; x_wconf 92' lang='lat'><strong>,</strong></span> <span class='ocrx_word' id='word_1_573' title='bbox 2574 1592 2621 1648; x_wconf 87' lang='lat' dir='ltr'><strong>ei</strong></span> <span class='ocrx_word' id='word_1_574' title='bbox 2655 1601 2876 1662; x_wconf 81' lang='lat' dir='ltr'><strong>apparet</strong></span> <span class='ocrx_word' id='word_1_575' title='bbox 2895 1635 2910 1659; x_wconf 93' lang='lat'><strong>,</strong></span> <span class='ocrx_word' id='word_1_576' title='bbox 2934 1607 2997 1647; x_wconf 85' lang='lat' dir='ltr'><strong>ac</strong></span> <span class='ocrx_word' id='word_1_577' title='bbox 3024 1593 3189 1649; x_wconf 89' lang='lat' dir='ltr'><strong>dicit:</strong></span> <span class='ocrx_word' id='word_1_578' title='bbox 3216 1594 3335 1665; x_wconf 81' lang='lat' dir='ltr'><strong>Ego</strong></span> <span class='ocrx_word' id='word_1_579' title='bbox 3362 1610 3488 1647; x_wconf 70' lang='lat' dir='ltr'><strong>sum</strong></span> <span class='ocrx_word' id='word_1_580' title='bbox 3514 1592 3643 1647; x_wconf 71' lang='lat' dir='ltr'><strong>Deus</strong></span> 
     </span>
    </p>
   </div>
   <div class='ocr_carea' id='block_1_77' title="bbox 2044 1680 3640 1755">
    <p class='ocr_par' dir='ltr' id='par_1_77' title="bbox 2044 1680 3640 1755">
     <span class='ocr_line' id='line_1_77' title="bbox 2044 1680 3640 1755; baseline 0.003 -23"><span class='ocrx_word' id='word_1_581' title='bbox 2044 1680 2321 1744; x_wconf 74' lang='lat' dir='ltr'><strong>Abraham,</strong></span> <span class='ocrx_word' id='word_1_582' title='bbox 2344 1692 2389 1735; x_wconf 90' lang='lat' dir='ltr'><strong>et</strong></span> <span class='ocrx_word' id='word_1_583' title='bbox 2410 1681 2548 1736; x_wconf 84' lang='lat' dir='ltr'><strong>Deus</strong></span> <span class='ocrx_word' id='word_1_584' title='bbox 2575 1680 2727 1737; x_wconf 78' lang='lat' dir='ltr'><strong>Isaac</strong></span> <span class='ocrx_word' id='word_1_585' title='bbox 2747 1683 2907 1753; x_wconf 76' lang='lat' dir='ltr'><strong>patris</strong></span> <span class='ocrx_word' id='word_1_586' title='bbox 2934 1685 3025 1738; x_wconf 85' lang='lat' dir='ltr'><strong>tui.</strong></span> <span class='ocrx_word' id='word_1_587' title='bbox 3050 1684 3162 1755; x_wconf 84' lang='lat' dir='ltr'><strong>Ego</strong></span> <span class='ocrx_word' id='word_1_588' title='bbox 3186 1693 3245 1739; x_wconf 90' lang='lat' dir='ltr'><strong>et</strong></span> <span class='ocrx_word' id='word_1_589' title='bbox 3274 1682 3640 1755; x_wconf 61' lang='lat' dir='ltr'><strong>patriarchas:</strong></span> 
     </span>
    </p>
   </div>
   <div class='ocr_carea' id='block_1_78' title="bbox 2046 1773 3645 1845">
    <p class='ocr_par' dir='ltr' id='par_1_78' title="bbox 2046 1773 3645 1845">
     <span class='ocr_line' id='line_1_78' title="bbox 2046 1773 3645 1845; baseline 0.002 -19"><span class='ocrx_word' id='word_1_590' title='bbox 2046 1780 2102 1826; x_wconf 86' lang='lat' dir='ltr'><strong>et</strong></span> <span class='ocrx_word' id='word_1_591' title='bbox 2126 1782 2326 1840; x_wconf 88' lang='lat' dir='ltr'><strong>patrem</strong></span> <span class='ocrx_word' id='word_1_592' title='bbox 2360 1782 2509 1826; x_wconf 88' lang='lat' dir='ltr'><strong>tuum</strong></span> <span class='ocrx_word' id='word_1_593' title='bbox 2550 1773 2600 1828; x_wconf 92' lang='lat' dir='ltr'><strong>in</strong></span> <span class='ocrx_word' id='word_1_594' title='bbox 2628 1784 2832 1829; x_wconf 88' lang='lat' dir='ltr'><strong>tantum</strong></span> <span class='ocrx_word' id='word_1_595' title='bbox 2862 1774 3200 1845; x_wconf 86' lang='lat' dir='ltr'><strong>splendorem</strong></span> <span class='ocrx_word' id='word_1_596' title='bbox 3230 1778 3414 1831; x_wconf 83' lang='lat' dir='ltr'><strong>cvexi.</strong></span> <span class='ocrx_word' id='word_1_597' title='bbox 3440 1776 3528 1830; x_wconf 79' lang='lat' dir='ltr'><strong>Ne</strong></span> <span class='ocrx_word' id='word_1_598' title='bbox 3556 1777 3645 1844; x_wconf 60' lang='lat' dir='ltr'><strong>&quot;gi-</strong></span> 
     </span>
    </p>
   </div>
   <div class='ocr_carea' id='block_1_79' title="bbox 2049 1861 3639 1937">
    <p class='ocr_par' dir='ltr' id='par_1_79' title="bbox 2049 1861 3639 1937">
     <span class='ocr_line' id='line_1_79' title="bbox 2049 1861 3639 1937; baseline 0.003 -22"><span class='ocrx_word' id='word_1_599' title='bbox 2049 1869 2133 1915; x_wconf 90' lang='lat' dir='ltr'><strong>tur</strong></span> <span class='ocrx_word' id='word_1_600' title='bbox 2156 1861 2361 1928; x_wconf 87' lang='lat' dir='ltr'><strong>timeas,</strong></span> <span class='ocrx_word' id='word_1_601' title='bbox 2384 1864 2481 1918; x_wconf 89' lang='lat' dir='ltr'><strong>sed</strong></span> <span class='ocrx_word' id='word_1_602' title='bbox 2504 1864 2664 1920; x_wconf 88' lang='lat' dir='ltr'><strong>crede</strong></span> <span class='ocrx_word' id='word_1_603' title='bbox 2692 1878 2798 1929; x_wconf 88' lang='lat' dir='ltr'><strong>me,</strong></span> <span class='ocrx_word' id='word_1_604' title='bbox 2826 1866 2914 1935; x_wconf 91' lang='lat' dir='ltr'><strong>qui</strong></span> <span class='ocrx_word' id='word_1_605' title='bbox 2941 1866 3153 1936; x_wconf 88' lang='lat' dir='ltr'><strong>implevi</strong></span> <span class='ocrx_word' id='word_1_606' title='bbox 3183 1866 3288 1921; x_wconf 88' lang='lat' dir='ltr'><strong>illis</strong></span> <span class='ocrx_word' id='word_1_607' title='bbox 3317 1867 3639 1937; x_wconf 47' lang='lat' dir='ltr'><strong>promissio.</strong></span> 
     </span>
    </p>
   </div>
   <div class='ocr_carea' id='block_1_80' title="bbox 2048 1955 3641 2027">
    <p class='ocr_par' dir='ltr' id='par_1_80' title="bbox 2048 1955 3641 2027">
     <span class='ocr_line' id='line_1_80' title="bbox 2048 1955 3641 2027; baseline 0.004 -22"><span class='ocrx_word' id='word_1_608' title='bbox 2048 1966 2173 2017; x_wconf 90' lang='lat' dir='ltr'><strong>nes,</strong></span> <span class='ocrx_word' id='word_1_609' title='bbox 2206 1961 2259 2008; x_wconf 91' lang='lat' dir='ltr'><strong>ct</strong></span> <span class='ocrx_word' id='word_1_610' title='bbox 2294 1963 2349 2008; x_wconf 92' lang='lat' dir='ltr'><strong>te</strong></span> <span class='ocrx_word' id='word_1_611' title='bbox 2384 1969 2501 2009; x_wconf 85' lang='lat' dir='ltr'><strong>mea</strong></span> <span class='ocrx_word' id='word_1_612' title='bbox 2532 1969 2657 2009; x_wconf 87' lang='lat' dir='ltr'><strong>cura</strong></span> <span class='ocrx_word' id='word_1_613' title='bbox 2685 1964 2740 2010; x_wconf 90' lang='lat' dir='ltr'><strong>et</strong></span> <span class='ocrx_word' id='word_1_614' title='bbox 2778 1955 3108 2026; x_wconf 85' lang='lat' dir='ltr'><strong>providentia</strong></span> <span class='ocrx_word' id='word_1_615' title='bbox 3138 1958 3523 2027; x_wconf 83' lang='lat' dir='ltr'><strong>dignaturum.</strong></span> <span class='ocrx_word' id='word_1_616' title='bbox 3573 1959 3641 2012; x_wconf 76' lang='lat' dir='ltr'><strong>Ne</strong></span> 
     </span>
    </p>
   </div>
   <div class='ocr_carea' id='block_1_81' title="bbox 2049 2041 3640 2117">
    <p class='ocr_par' dir='ltr' id='par_1_81' title="bbox 2049 2041 3640 2117">
     <span class='ocr_line' id='line_1_81' title="bbox 2049 2041 3640 2117; baseline 0.004 -22"><span class='ocrx_word' id='word_1_617' title='bbox 2049 2041 2237 2096; x_wconf 82' lang='lat' dir='ltr'><strong>timeas</strong></span> <span class='ocrx_word' id='word_1_618' title='bbox 2285 2058 2448 2113; x_wconf 83' lang='lat' dir='ltr'><strong>ergo,</strong></span> <span class='ocrx_word' id='word_1_619' title='bbox 2470 2044 2563 2099; x_wconf 85' lang='lat' dir='ltr'><strong>sed</strong></span> <span class='ocrx_word' id='word_1_620' title='bbox 2588 2045 2797 2101; x_wconf 89' lang='lat' dir='ltr'><strong>conﬁde</strong></span> <span class='ocrx_word' id='word_1_621' title='bbox 2832 2063 2845 2100; x_wconf 92' lang='lat'><strong>:</strong></span> <span class='ocrx_word' id='word_1_622' title='bbox 2878 2055 2933 2102; x_wconf 90' lang='lat' dir='ltr'><strong>et</strong></span> <span class='ocrx_word' id='word_1_623' title='bbox 2958 2049 3103 2101; x_wconf 86' lang='lat' dir='ltr'><strong>omni</strong></span> <span class='ocrx_word' id='word_1_624' title='bbox 3132 2049 3329 2103; x_wconf 85' lang='lat' dir='ltr'><strong>timore</strong></span> <span class='ocrx_word' id='word_1_625' title='bbox 3372 2048 3607 2117; x_wconf 77' lang='lat' dir='ltr'><strong>depulso</strong></span> <span class='ocrx_word' id='word_1_626' title='bbox 3626 2092 3640 2113; x_wconf 84' lang='lat'><strong>,</strong></span> 
     </span>
    </p>
   </div>
   <div class='ocr_carea' id='block_1_82' title="bbox 2047 2131 3639 2209">
    <p class='ocr_par' dir='ltr' id='par_1_82' title="bbox 2047 2131 3639 2209">
     <span class='ocr_line' id='line_1_82' title="bbox 2047 2131 3639 2209; baseline 0.004 -23"><span class='ocrx_word' id='word_1_627' title='bbox 2047 2131 2207 2187; x_wconf 87' lang='lat' dir='ltr'><strong>crede</strong></span> <span class='ocrx_word' id='word_1_628' title='bbox 2227 2132 2290 2187; x_wconf 88' lang='lat' dir='ltr'><strong>iis</strong></span> <span class='ocrx_word' id='word_1_629' title='bbox 2316 2149 2435 2202; x_wconf 73' lang='lat' dir='ltr'><strong>quae</strong></span> <span class='ocrx_word' id='word_1_630' title='bbox 2462 2149 2491 2187; x_wconf 90' lang='lat' dir='ltr'><strong>a</strong></span> <span class='ocrx_word' id='word_1_631' title='bbox 2514 2150 2599 2190; x_wconf 89' lang='lat' dir='ltr'><strong>me</strong></span> <span class='ocrx_word' id='word_1_632' title='bbox 2625 2135 2889 2191; x_wconf 89' lang='lat' dir='ltr'><strong>dicuntur.</strong></span> <span class='ocrx_word' id='word_1_633' title='bbox 2917 2136 3118 2192; x_wconf 85' lang='lat' dir='ltr'><strong>Etenim</strong></span> <span class='ocrx_word' id='word_1_634' title='bbox 3142 2149 3356 2202; x_wconf 85' lang='lat' dir='ltr'><strong>terram,</strong></span> <span class='ocrx_word' id='word_1_635' title='bbox 3380 2141 3435 2192; x_wconf 87' lang='lat' dir='ltr'><strong>in</strong></span> <span class='ocrx_word' id='word_1_636' title='bbox 3469 2158 3574 2209; x_wconf 77' lang='lat' dir='ltr'><strong>qua</strong></span> <span class='ocrx_word' id='word_1_637' title='bbox 3597 2152 3639 2192; x_wconf 70' lang='lat' dir='ltr'><strong>nt</strong></span> 
     </span>
    </p>
   </div>
   <div class='ocr_carea' id='block_1_83' title="bbox 2050 2221 3639 2294">
    <p class='ocr_par' dir='ltr' id='par_1_83' title="bbox 2050 2221 3639 2294">
     <span class='ocr_line' id='line_1_83' title="bbox 2050 2221 3639 2294; baseline 0.006 -20"><span class='ocrx_word' id='word_1_638' title='bbox 2050 2221 2259 2290; x_wconf 82' lang='lat' dir='ltr'><strong>dormis,</strong></span> <span class='ocrx_word' id='word_1_639' title='bbox 2282 2224 2369 2277; x_wconf 86' lang='lat' dir='ltr'><strong>tibi</strong></span> <span class='ocrx_word' id='word_1_640' title='bbox 2393 2224 2523 2279; x_wconf 83' lang='lat' dir='ltr'><strong>dabo</strong></span> <span class='ocrx_word' id='word_1_641' title='bbox 2547 2235 2593 2279; x_wconf 89' lang='lat' dir='ltr'><strong>et</strong></span> <span class='ocrx_word' id='word_1_642' title='bbox 2626 2227 2801 2281; x_wconf 83' lang='lat' dir='ltr'><strong>semini</strong></span> <span class='ocrx_word' id='word_1_643' title='bbox 2831 2236 2917 2281; x_wconf 87' lang='lat' dir='ltr'><strong>tuo</strong></span> <span class='ocrx_word' id='word_1_644' title='bbox 2938 2230 3071 2294; x_wconf 55' lang='grc' dir='ltr'><strong>,ιιι</strong></span> <span class='ocrx_word' id='word_1_645' title='bbox 3108 2240 3156 2283; x_wconf 87' lang='lat' dir='ltr'><strong>et</strong></span> <span class='ocrx_word' id='word_1_646' title='bbox 3176 2230 3276 2284; x_wconf 80' lang='lat' dir='ltr'><strong>erit</strong></span> <span class='ocrx_word' id='word_1_647' title='bbox 3302 2248 3485 2285; x_wconf 75' lang='lat' dir='ltr'><strong>centeri</strong></span> <span class='ocrx_word' id='word_1_648' title='bbox 3510 2243 3639 2283; x_wconf 70' lang='lat' dir='ltr'><strong>tam</strong></span> 
     </span>
    </p>
   </div>
   <div class='ocr_carea' id='block_1_84' title="bbox 2048 2312 3638 2391">
    <p class='ocr_par' dir='ltr' id='par_1_84' title="bbox 2048 2312 3638 2391">
     <span class='ocr_line' id='line_1_84' title="bbox 2048 2312 3638 2391; baseline 0.007 -26"><span class='ocrx_word' id='word_1_649' title='bbox 2048 2312 2175 2366; x_wconf 81' lang='lat' dir='ltr'><strong>sicut</strong></span> <span class='ocrx_word' id='word_1_650' title='bbox 2218 2331 2375 2368; x_wconf 85' lang='lat' dir='ltr'><strong>arena</strong></span> <span class='ocrx_word' id='word_1_651' title='bbox 2410 2318 2587 2371; x_wconf 86' lang='lat' dir='ltr'><strong>maris.</strong></span> <span class='ocrx_word' id='word_1_652' title='bbox 2613 2316 2691 2372; x_wconf 84' lang='lat' dir='ltr'><strong>Ne</strong></span> <span class='ocrx_word' id='word_1_653' title='bbox 2718 2329 2903 2388; x_wconf 82' lang='lat' dir='ltr'><strong>putes,</strong></span> <span class='ocrx_word' id='word_1_654' title='bbox 2934 2320 3134 2389; x_wconf 81' lang='lat' dir='ltr'><strong>inquit,</strong></span> <span class='ocrx_word' id='word_1_655' title='bbox 3169 2323 3291 2391; x_wconf 85' lang='lat' dir='ltr'><strong>quia</strong></span> <span class='ocrx_word' id='word_1_656' title='bbox 3345 2323 3401 2375; x_wconf 90' lang='lat' dir='ltr'><strong>in</strong></span> <span class='ocrx_word' id='word_1_657' title='bbox 3448 2332 3638 2379; x_wconf 71' lang='lat' dir='ltr'><strong>tetram</strong></span> 
     </span>
    </p>
   </div>
   <div class='ocr_carea' id='block_1_85' title="bbox 2049 2402 3640 2482">
    <p class='ocr_par' dir='ltr' id='par_1_85' title="bbox 2049 2402 3640 2482">
     <span class='ocr_line' id='line_1_85' title="bbox 2049 2402 3640 2482; baseline 0.008 -26"><span class='ocrx_word' id='word_1_658' title='bbox 2049 2402 2276 2458; x_wconf 86' lang='lat' dir='ltr'><strong>alienam</strong></span> <span class='ocrx_word' id='word_1_659' title='bbox 2304 2420 2445 2460; x_wconf 85' lang='lat' dir='ltr'><strong>nunc</strong></span> <span class='ocrx_word' id='word_1_660' title='bbox 2472 2406 2641 2476; x_wconf 81' lang='lat' dir='ltr'><strong>vadis,</strong></span> <span class='ocrx_word' id='word_1_661' title='bbox 2670 2408 2981 2477; x_wconf 90' lang='lat' dir='ltr'><strong>privandum</strong></span> <span class='ocrx_word' id='word_1_662' title='bbox 3014 2419 3066 2465; x_wconf 92' lang='lat' dir='ltr'><strong>te</strong></span> <span class='ocrx_word' id='word_1_663' title='bbox 3092 2419 3232 2466; x_wconf 90' lang='lat' dir='ltr'><strong>terra</strong></span> <span class='ocrx_word' id='word_1_664' title='bbox 3262 2412 3318 2465; x_wconf 91' lang='lat' dir='ltr'><strong>in</strong></span> <span class='ocrx_word' id='word_1_665' title='bbox 3349 2427 3460 2482; x_wconf 82' lang='lat' dir='ltr'><strong>qua</strong></span> <span class='ocrx_word' id='word_1_666' title='bbox 3494 2424 3640 2467; x_wconf 77' lang='lat' dir='ltr'><strong>natus</strong></span> 
     </span>
    </p>
   </div>
   <div class='ocr_carea' id='block_1_86' title="bbox 2049 2496 3640 2566">
    <p class='ocr_par' dir='ltr' id='par_1_86' title="bbox 2049 2496 3640 2566">
     <span class='ocr_line' id='line_1_86' title="bbox 2049 2496 3640 2566; baseline 0.004 -15"><span class='ocrx_word' id='word_1_667' title='bbox 2049 2510 2129 2562; x_wconf 88' lang='lat' dir='ltr'><strong>es,</strong></span> <span class='ocrx_word' id='word_1_668' title='bbox 2157 2496 2249 2551; x_wconf 88' lang='lat' dir='ltr'><strong>ubi</strong></span> <span class='ocrx_word' id='word_1_669' title='bbox 2290 2497 2577 2566; x_wconf 84' lang='lat' dir='ltr'><strong>educatus,</strong></span> <span class='ocrx_word' id='word_1_670' title='bbox 2622 2500 2714 2555; x_wconf 82' lang='lat' dir='ltr'><strong>ubi</strong></span> <span class='ocrx_word' id='word_1_671' title='bbox 2759 2500 3071 2557; x_wconf 81' lang='lat' dir='ltr'><strong>adolevisti.</strong></span> <span class='ocrx_word' id='word_1_672' title='bbox 3099 2503 3311 2559; x_wconf 83' lang='lat' dir='ltr'><strong>Etenim</strong></span> <span class='ocrx_word' id='word_1_673' title='bbox 3365 2504 3463 2558; x_wconf 82' lang='lat' dir='ltr'><strong>tibi</strong></span> <span class='ocrx_word' id='word_1_674' title='bbox 3512 2504 3640 2558; x_wconf 75' lang='lat' dir='ltr'><strong>dabo</strong></span> 
     </span>
    </p>
   </div>
   <div class='ocr_carea' id='block_1_87' title="bbox 2050 2592 3638 2665">
    <p class='ocr_par' dir='ltr' id='par_1_87' title="bbox 2050 2592 3638 2665">
     <span class='ocr_line' id='line_1_87' title="bbox 2050 2592 3638 2665; baseline 0.005 -22"><span class='ocrx_word' id='word_1_675' title='bbox 2050 2603 2167 2643; x_wconf 89' lang='lat' dir='ltr'><strong>eam</strong></span> <span class='ocrx_word' id='word_1_676' title='bbox 2197 2599 2251 2645; x_wconf 92' lang='lat' dir='ltr'><strong>et</strong></span> <span class='ocrx_word' id='word_1_677' title='bbox 2289 2592 2477 2645; x_wconf 91' lang='lat' dir='ltr'><strong>semini</strong></span> <span class='ocrx_word' id='word_1_678' title='bbox 2508 2602 2616 2658; x_wconf 92' lang='lat' dir='ltr'><strong>tuo,</strong></span> <span class='ocrx_word' id='word_1_679' title='bbox 2659 2593 2800 2663; x_wconf 91' lang='lat' dir='ltr'><strong>quod</strong></span> <span class='ocrx_word' id='word_1_680' title='bbox 2826 2594 2967 2650; x_wconf 85' lang='lat' dir='ltr'><strong>sient</strong></span> <span class='ocrx_word' id='word_1_681' title='bbox 2998 2610 3215 2651; x_wconf 88' lang='lat' dir='ltr'><strong>arenam</strong></span> <span class='ocrx_word' id='word_1_682' title='bbox 3253 2598 3425 2651; x_wconf 85' lang='lat' dir='ltr'><strong>maris</strong></span> <span class='ocrx_word' id='word_1_683' title='bbox 3465 2598 3638 2665; x_wconf 71' lang='lat' dir='ltr'><strong>augeri</strong></span> 
     </span>
    </p>
   </div>
   <div class='ocr_carea' id='block_1_88' title="bbox 2049 2680 3639 2760">
    <p class='ocr_par' dir='ltr' id='par_1_88' title="bbox 2049 2680 3639 2760">
     <span class='ocr_line' id='line_1_88' title="bbox 2049 2680 3639 2760; baseline 0.004 -24"><span class='ocrx_word' id='word_1_684' title='bbox 2049 2681 2266 2746; x_wconf 89' lang='lat' dir='ltr'><strong>curabo,</strong></span> <span class='ocrx_word' id='word_1_685' title='bbox 2288 2680 2359 2735; x_wconf 81' lang='lat' dir='ltr'><strong>Et</strong></span> <span class='ocrx_word' id='word_1_686' title='bbox 2386 2683 2676 2738; x_wconf 81' lang='lat' dir='ltr'><strong>dilatabitur</strong></span> <span class='ocrx_word' id='word_1_687' title='bbox 2698 2686 2766 2739; x_wconf 86' lang='lat' dir='ltr'><strong>ad</strong></span> <span class='ocrx_word' id='word_1_688' title='bbox 2804 2698 2973 2754; x_wconf 84' lang='lat' dir='ltr'><strong>mare,</strong></span> <span class='ocrx_word' id='word_1_689' title='bbox 3013 2695 3060 2741; x_wconf 85' lang='lat' dir='ltr'><strong>et</strong></span> <span class='ocrx_word' id='word_1_690' title='bbox 3087 2690 3306 2760; x_wconf 74' lang='lat' dir='ltr'><strong>africum</strong></span> <span class='ocrx_word' id='word_1_691' title='bbox 3324 2730 3339 2750; x_wconf 90' lang='lat'><strong>,</strong></span> <span class='ocrx_word' id='word_1_692' title='bbox 3370 2698 3420 2741; x_wconf 81' lang='lat' dir='ltr'><strong>et</strong></span> <span class='ocrx_word' id='word_1_693' title='bbox 3446 2698 3639 2757; x_wconf 72' lang='lat' dir='ltr'><strong>septen-</strong></span> 
     </span>
    </p>
   </div>
   <div class='ocr_carea' id='block_1_89' title="bbox 2051 2771 3636 2847">
    <p class='ocr_par' dir='ltr' id='par_1_89' title="bbox 2051 2771 3636 2847">
     <span class='ocr_line' id='line_1_89' title="bbox 2051 2771 3636 2847; baseline 0.002 -22"><span class='ocrx_word' id='word_1_694' title='bbox 2051 2771 2280 2839; x_wconf 82' lang='lat' dir='ltr'><strong>trionem,</strong></span> <span class='ocrx_word' id='word_1_695' title='bbox 2311 2781 2358 2826; x_wconf 91' lang='lat' dir='ltr'><strong>et</strong></span> <span class='ocrx_word' id='word_1_696' title='bbox 2385 2774 2621 2829; x_wconf 82' lang='lat' dir='ltr'><strong>orientem</strong></span> <span class='ocrx_word' id='word_1_697' title='bbox 2645 2789 2666 2828; x_wconf 89' lang='lat'><strong><em>:</em></strong></span> <span class='ocrx_word' id='word_1_698' title='bbox 2693 2774 2795 2831; x_wconf 84' lang='lat' dir='ltr'><strong>hoc</strong></span> <span class='ocrx_word' id='word_1_699' title='bbox 2814 2785 2934 2844; x_wconf 83' lang='lat' dir='ltr'><strong>est,</strong></span> <span class='ocrx_word' id='word_1_700' title='bbox 2971 2776 3165 2845; x_wconf 88' lang='lat' dir='ltr'><strong>ubique</strong></span> <span class='ocrx_word' id='word_1_701' title='bbox 3207 2777 3599 2847; x_wconf 80' lang='lat' dir='ltr'><strong>propagabimr</strong></span> <span class='ocrx_word' id='word_1_702' title='bbox 3624 2794 3636 2828; x_wconf 92' lang='lat'><strong>:</strong></span> 
     </span>
    </p>
   </div>
   <div class='ocr_carea' id='block_1_90' title="bbox 2050 2861 3635 2930">
    <p class='ocr_par' dir='ltr' id='par_1_90' title="bbox 2050 2861 3635 2930">
     <span class='ocr_line' id='line_1_90' title="bbox 2050 2861 3635 2930; baseline 0.002 -14"><span class='ocrx_word' id='word_1_703' title='bbox 2050 2861 2118 2917; x_wconf 84' lang='lat' dir='ltr'><strong>Et</strong></span> <span class='ocrx_word' id='word_1_704' title='bbox 2134 2862 2481 2918; x_wconf 81' lang='lat' dir='ltr'><strong>benedicentur</strong></span> <span class='ocrx_word' id='word_1_705' title='bbox 2497 2865 2550 2919; x_wconf 85' lang='lat' dir='ltr'><strong>in</strong></span> <span class='ocrx_word' id='word_1_706' title='bbox 2571 2875 2619 2919; x_wconf 89' lang='lat' dir='ltr'><strong>te</strong></span> <span class='ocrx_word' id='word_1_707' title='bbox 2636 2882 2807 2920; x_wconf 78' lang='lat' dir='ltr'><strong>omnes</strong></span> <span class='ocrx_word' id='word_1_708' title='bbox 2824 2868 2980 2921; x_wconf 85' lang='lat' dir='ltr'><strong>tribus</strong></span> <span class='ocrx_word' id='word_1_709' title='bbox 3004 2879 3167 2930; x_wconf 67' lang='lat' dir='ltr'><strong>terres,</strong></span> <span class='ocrx_word' id='word_1_710' title='bbox 3179 2879 3229 2920; x_wconf 86' lang='lat' dir='ltr'><strong>et</strong></span> <span class='ocrx_word' id='word_1_711' title='bbox 3243 2869 3297 2922; x_wconf 86' lang='lat' dir='ltr'><strong>in</strong></span> <span class='ocrx_word' id='word_1_712' title='bbox 3318 2869 3522 2922; x_wconf 74' lang='lat' dir='ltr'><strong>semine</strong></span> <span class='ocrx_word' id='word_1_713' title='bbox 3540 2879 3635 2920; x_wconf 70' lang='lat' dir='ltr'><strong>tuo.</strong></span> 
     </span>
    </p>
   </div>
   <div class='ocr_carea' id='block_1_91' title="bbox 2125 2952 3635 3026">
    <p class='ocr_par' dir='ltr' id='par_1_91' title="bbox 2125 2952 3635 3026">
     <span class='ocr_line' id='line_1_91' title="bbox 2125 2952 3635 3026; baseline 0.003 -19"><span class='ocrx_word' id='word_1_714' title='bbox 2125 2952 2388 3018; x_wconf 81' lang='lat' dir='ltr'><strong>Quomodo</strong></span> <span class='ocrx_word' id='word_1_715' title='bbox 2433 2964 2657 3009; x_wconf 71' lang='lat' dir='ltr'><strong>acet-cent</strong></span> <span class='ocrx_word' id='word_1_716' title='bbox 2698 2956 2952 3026; x_wconf 73' lang='lat' dir='ltr'><strong>iustorum</strong></span> <span class='ocrx_word' id='word_1_717' title='bbox 2988 2958 3325 3012; x_wconf 79' lang='lat' dir='ltr'><strong>obedientiam</strong></span> <span class='ocrx_word' id='word_1_718' title='bbox 3358 2957 3528 3011; x_wconf 82' lang='lat' dir='ltr'><strong>Deus.</strong></span> <span class='ocrx_word' id='word_1_719' title='bbox 3574 2988 3635 2997; x_wconf 92' lang='lat'>—</span> 
     </span>
    </p>
   </div>
   <div class='ocr_carea' id='block_1_92' title="bbox 2052 3043 3635 3117">
    <p class='ocr_par' dir='ltr' id='par_1_92' title="bbox 2052 3043 3635 3117">
     <span class='ocr_line' id='line_1_92' title="bbox 2052 3043 3635 3117; baseline 0.002 -18"><span class='ocrx_word' id='word_1_720' title='bbox 2052 3043 2185 3099; x_wconf 87' lang='lat' dir='ltr'><strong>Vide</strong></span> <span class='ocrx_word' id='word_1_721' title='bbox 2210 3045 2478 3114; x_wconf 84' lang='lat' dir='ltr'><strong>quomodo</strong></span> <span class='ocrx_word' id='word_1_722' title='bbox 2496 3045 2606 3115; x_wconf 81' lang='lat' dir='ltr'><strong>jam</strong></span> <span class='ocrx_word' id='word_1_723' title='bbox 2633 3047 2809 3101; x_wconf 91' lang='lat' dir='ltr'><strong>omnia</strong></span> <span class='ocrx_word' id='word_1_724' title='bbox 2837 3047 2887 3102; x_wconf 86' lang='lat' dir='ltr'><strong>ei</strong></span> <span class='ocrx_word' id='word_1_725' title='bbox 2906 3063 3024 3117; x_wconf 75' lang='lat' dir='ltr'><strong>qua:</strong></span> <span class='ocrx_word' id='word_1_726' title='bbox 3048 3058 3166 3117; x_wconf 83' lang='lat' dir='ltr'><strong>post</strong></span> <span class='ocrx_word' id='word_1_727' title='bbox 3185 3049 3405 3117; x_wconf 76' lang='lat' dir='ltr'><strong>longum</strong></span> <span class='ocrx_word' id='word_1_728' title='bbox 3430 3059 3635 3114; x_wconf 81' lang='lat' dir='ltr'><strong>tempus</strong></span> 
     </span>
    </p>
   </div>
   <div class='ocr_carea' id='block_1_93' title="bbox 2051 3138 3633 3209">
    <p class='ocr_par' dir='ltr' id='par_1_93' title="bbox 2051 3138 3633 3209">
     <span class='ocr_line' id='line_1_93' title="bbox 2051 3138 3633 3209; baseline 0.001 -19"><span class='ocrx_word' id='word_1_729' title='bbox 2051 3147 2302 3193; x_wconf 87' lang='lat' dir='ltr'><strong>eventura</strong></span> <span class='ocrx_word' id='word_1_730' title='bbox 2324 3146 2505 3201; x_wconf 87' lang='lat' dir='ltr'><strong>erant,</strong></span> <span class='ocrx_word' id='word_1_731' title='bbox 2537 3138 2801 3209; x_wconf 60' lang='lat' dir='ltr'><strong>pradicit.</strong></span> <span class='ocrx_word' id='word_1_732' title='bbox 2829 3138 2926 3193; x_wconf 86' lang='lat' dir='ltr'><strong>llic</strong></span> <span class='ocrx_word' id='word_1_733' title='bbox 2954 3140 3095 3193; x_wconf 89' lang='lat' dir='ltr'><strong>enim</strong></span> <span class='ocrx_word' id='word_1_734' title='bbox 3122 3152 3238 3193; x_wconf 85' lang='lat' dir='ltr'><strong>mos</strong></span> <span class='ocrx_word' id='word_1_735' title='bbox 3275 3150 3365 3193; x_wconf 83' lang='lat' dir='ltr'><strong>est</strong></span> <span class='ocrx_word' id='word_1_736' title='bbox 3393 3140 3633 3192; x_wconf 81' lang='lat' dir='ltr'><strong>omnium</strong></span> 
     </span>
    </p>
   </div>
   <div class='ocr_carea' id='block_1_94' title="bbox 2052 3226 3634 3299">
    <p class='ocr_par' dir='ltr' id='par_1_94' title="bbox 2052 3226 3634 3299">
     <span class='ocr_line' id='line_1_94' title="bbox 2052 3226 3634 3299; baseline -0.001 -17"><span class='ocrx_word' id='word_1_737' title='bbox 2052 3226 2297 3293; x_wconf 87' lang='lat' dir='ltr'><strong>Domino,</strong></span> <span class='ocrx_word' id='word_1_738' title='bbox 2322 3230 2378 3281; x_wconf 85' lang='lat' dir='ltr'><strong>ut</strong></span> <span class='ocrx_word' id='word_1_739' title='bbox 2400 3227 2619 3297; x_wconf 85' lang='lat' dir='ltr'><strong>singulis</strong></span> <span class='ocrx_word' id='word_1_740' title='bbox 2644 3227 2859 3298; x_wconf 85' lang='lat' dir='ltr'><strong>quidem</strong></span> <span class='ocrx_word' id='word_1_741' title='bbox 2881 3228 3041 3299; x_wconf 87' lang='lat' dir='ltr'><strong>justis</strong></span> <span class='ocrx_word' id='word_1_742' title='bbox 3068 3245 3128 3283; x_wconf 88' lang='lat' dir='ltr'><strong>se</strong></span> <span class='ocrx_word' id='word_1_743' title='bbox 3154 3228 3209 3283; x_wconf 89' lang='lat' dir='ltr'><strong>id</strong></span> <span class='ocrx_word' id='word_1_744' title='bbox 3230 3230 3499 3282; x_wconf 82' lang='lat' dir='ltr'><strong>facturum</strong></span> <span class='ocrx_word' id='word_1_745' title='bbox 3530 3228 3634 3296; x_wconf 87' lang='lat' dir='ltr'><strong>pol-</strong></span> 
     </span>
    </p>
   </div>
   <div class='ocr_carea' id='block_1_95' title="bbox 2050 3317 3634 3389">
    <p class='ocr_par' dir='ltr' id='par_1_95' title="bbox 2050 3317 3634 3389">
     <span class='ocr_line' id='line_1_95' title="bbox 2050 3317 3634 3389; baseline 0.004 -18"><span class='ocrx_word' id='word_1_746' title='bbox 2050 3317 2288 3384; x_wconf 84' lang='lat' dir='ltr'><strong>liceatur,</strong></span> <span class='ocrx_word' id='word_1_747' title='bbox 2319 3332 2425 3371; x_wconf 91' lang='lat' dir='ltr'><strong>nou</strong></span> <span class='ocrx_word' id='word_1_748' title='bbox 2463 3326 2640 3372; x_wconf 87' lang='lat' dir='ltr'><strong>autem</strong></span> <span class='ocrx_word' id='word_1_749' title='bbox 2676 3319 2929 3373; x_wconf 88' lang='lat' dir='ltr'><strong>continuo</strong></span> <span class='ocrx_word' id='word_1_750' title='bbox 2955 3320 3340 3389; x_wconf 78' lang='lat' dir='ltr'><strong>promissiones</strong></span> <span class='ocrx_word' id='word_1_751' title='bbox 3370 3318 3593 3387; x_wconf 85' lang='lat' dir='ltr'><strong>impleat</strong></span> <span class='ocrx_word' id='word_1_752' title='bbox 3618 3335 3634 3377; x_wconf 86' lang='grc'><strong>;</strong></span> 
     </span>
    </p>
   </div>
   <div class='ocr_carea' id='block_1_96' title="bbox 2046 3406 3634 3480">
    <p class='ocr_par' dir='ltr' id='par_1_96' title="bbox 2046 3406 3634 3480">
     <span class='ocr_line' id='line_1_96' title="bbox 2046 3406 3634 3480; baseline -0.002 -18"><span class='ocrx_word' id='word_1_753' title='bbox 2046 3406 2145 3462; x_wconf 84' lang='lat' dir='ltr'><strong>sed</strong></span> <span class='ocrx_word' id='word_1_754' title='bbox 2168 3417 2415 3463; x_wconf 87' lang='lat' dir='ltr'><strong>exerceat</strong></span> <span class='ocrx_word' id='word_1_755' title='bbox 2434 3408 2700 3476; x_wconf 88' lang='lat' dir='ltr'><strong>justorum</strong></span> <span class='ocrx_word' id='word_1_756' title='bbox 2729 3408 3085 3464; x_wconf 82' lang='lat' dir='ltr'><strong>obedientiam</strong></span> <span class='ocrx_word' id='word_1_757' title='bbox 3111 3420 3163 3465; x_wconf 89' lang='lat' dir='ltr'><strong>et</strong></span> <span class='ocrx_word' id='word_1_758' title='bbox 3188 3410 3533 3480; x_wconf 81' lang='lat' dir='ltr'><strong>patientiam,</strong></span> <span class='ocrx_word' id='word_1_759' title='bbox 3556 3416 3634 3459; x_wconf 82' lang='lat' dir='ltr'><strong>at-</strong></span> 
     </span>
    </p>
   </div>
   <div class='ocr_carea' id='block_1_97' title="bbox 2048 3497 3631 3568">
    <p class='ocr_par' dir='ltr' id='par_1_97' title="bbox 2048 3497 3631 3568">
     <span class='ocr_line' id='line_1_97' title="bbox 2048 3497 3631 3568; baseline -0.001 -16"><span class='ocrx_word' id='word_1_760' title='bbox 2048 3513 2153 3566; x_wconf 89' lang='lat' dir='ltr'><strong>que</strong></span> <span class='ocrx_word' id='word_1_761' title='bbox 2195 3498 2274 3552; x_wconf 87' lang='lat' dir='ltr'><strong>sic</strong></span> <span class='ocrx_word' id='word_1_762' title='bbox 2320 3498 2484 3552; x_wconf 87' lang='lat' dir='ltr'><strong>multa</strong></span> <span class='ocrx_word' id='word_1_763' title='bbox 2535 3512 2655 3552; x_wconf 92' lang='lat' dir='ltr'><strong>cum</strong></span> <span class='ocrx_word' id='word_1_764' title='bbox 2703 3497 3019 3554; x_wconf 87' lang='lat' dir='ltr'><strong>liberalitate</strong></span> <span class='ocrx_word' id='word_1_765' title='bbox 3073 3501 3291 3568; x_wconf 90' lang='lat' dir='ltr'><strong>impleat</strong></span> <span class='ocrx_word' id='word_1_766' title='bbox 3346 3500 3631 3567; x_wconf 79' lang='lat' dir='ltr'><strong>promissa.</strong></span> 
     </span>
    </p>
   </div>
   <div class='ocr_carea' id='block_1_98' title="bbox 2050 3575 3632 3659">
    <p class='ocr_par' dir='ltr' id='par_1_98' title="bbox 2050 3575 3632 3659">
     <span class='ocr_line' id='line_1_98' title="bbox 2050 3575 3632 3659; baseline -0.001 -16"><span class='ocrx_word' id='word_1_767' title='bbox 2050 3589 2252 3643; x_wconf 81' lang='lat' dir='ltr'><strong>Deinde</strong></span> <span class='ocrx_word' id='word_1_768' title='bbox 2284 3589 2374 3643; x_wconf 91' lang='lat' dir='ltr'><strong>ubi</strong></span> <span class='ocrx_word' id='word_1_769' title='bbox 2402 3575 2665 3657; x_wconf 76' lang='lat' dir='ltr'><strong>pollicitus</strong></span> <span class='ocrx_word' id='word_1_770' title='bbox 2689 3598 2773 3644; x_wconf 90' lang='lat' dir='ltr'><strong>est</strong></span> <span class='ocrx_word' id='word_1_771' title='bbox 2799 3590 2847 3643; x_wconf 90' lang='lat' dir='ltr'><strong>ei</strong></span> <span class='ocrx_word' id='word_1_772' title='bbox 2875 3588 3069 3653; x_wconf 87' lang='lat' dir='ltr'><strong>futura,</strong></span> <span class='ocrx_word' id='word_1_773' title='bbox 3097 3605 3218 3644; x_wconf 86' lang='lat' dir='ltr'><strong>cum</strong></span> <span class='ocrx_word' id='word_1_774' title='bbox 3249 3590 3523 3659; x_wconf 74' lang='lat' dir='ltr'><strong>indigeret</strong></span> <span class='ocrx_word' id='word_1_775' title='bbox 3548 3590 3632 3658; x_wconf 64' lang='lat' dir='ltr'><strong>jn«</strong></span> 
     </span>
    </p>
   </div>
   <div class='ocr_carea' id='block_1_99' title="bbox 2047 3680 3631 3757">
    <p class='ocr_par' dir='ltr' id='par_1_99' title="bbox 2047 3680 3631 3757">
     <span class='ocr_line' id='line_1_99' title="bbox 2047 3680 3631 3757; baseline -0.002 -22"><span class='ocrx_word' id='word_1_776' title='bbox 2047 3690 2164 3735; x_wconf 88' lang='lat' dir='ltr'><strong>stus</strong></span> <span class='ocrx_word' id='word_1_777' title='bbox 2194 3681 2245 3734; x_wconf 90' lang='lat' dir='ltr'><strong>in</strong></span> <span class='ocrx_word' id='word_1_778' title='bbox 2284 3681 2441 3735; x_wconf 87' lang='lat' dir='ltr'><strong>rebus</strong></span> <span class='ocrx_word' id='word_1_779' title='bbox 2484 3680 2829 3747; x_wconf 71' lang='lat' dir='ltr'><strong>praesentibus</strong></span> <span class='ocrx_word' id='word_1_780' title='bbox 2858 3694 2961 3735; x_wconf 88' lang='lat' dir='ltr'><strong>non</strong></span> <span class='ocrx_word' id='word_1_781' title='bbox 2992 3681 3190 3750; x_wconf 84' lang='lat' dir='ltr'><strong>vulgari</strong></span> <span class='ocrx_word' id='word_1_782' title='bbox 3220 3681 3591 3757; x_wconf 84' lang='lat' dir='ltr'><strong>consolatione</strong></span> <span class='ocrx_word' id='word_1_783' title='bbox 3617 3698 3631 3732; x_wconf 87' lang='lat'><strong>:</strong></span> 
     </span>
    </p>
   </div>
   <div class='ocr_carea' id='block_1_100' title="bbox 2049 3771 3633 3841">
    <p class='ocr_par' dir='ltr' id='par_1_100' title="bbox 2049 3771 3633 3841">
     <span class='ocr_line' id='line_1_100' title="bbox 2049 3771 3633 3841; baseline -0.002 -16"><span class='ocrx_word' id='word_1_784' title='bbox 2049 3772 2170 3827; x_wconf 85' lang='lat' dir='ltr'><strong>vide</strong></span> <span class='ocrx_word' id='word_1_785' title='bbox 2210 3771 2478 3841; x_wconf 83' lang='lat' dir='ltr'><strong>quomodo</strong></span> <span class='ocrx_word' id='word_1_786' title='bbox 2516 3771 2776 3841; x_wconf 88' lang='lat' dir='ltr'><strong>benignus</strong></span> <span class='ocrx_word' id='word_1_787' title='bbox 2806 3772 3058 3827; x_wconf 88' lang='lat' dir='ltr'><strong>Dominus</strong></span> <span class='ocrx_word' id='word_1_788' title='bbox 3096 3772 3269 3826; x_wconf 83' lang='lat' dir='ltr'><strong>futura</strong></span> <span class='ocrx_word' id='word_1_789' title='bbox 3298 3772 3633 3839; x_wconf 83' lang='lat' dir='ltr'><strong>polliceatur,</strong></span> 
     </span>
    </p>
   </div>
   <div class='ocr_carea' id='block_1_101' title="bbox 2047 3864 3633 3935">
    <p class='ocr_par' dir='ltr' id='par_1_101' title="bbox 2047 3864 3633 3935">
     <span class='ocr_line' id='line_1_101' title="bbox 2047 3864 3633 3935; baseline 0 -18"><span class='ocrx_word' id='word_1_790' title='bbox 2047 3872 2103 3918; x_wconf 91' lang='lat' dir='ltr'><strong>et</strong></span> <span class='ocrx_word' id='word_1_791' title='bbox 2131 3878 2229 3931; x_wconf 87' lang='lat' dir='ltr'><strong>per</strong></span> <span class='ocrx_word' id='word_1_792' title='bbox 2249 3864 2334 3917; x_wconf 89' lang='lat' dir='ltr'><strong>illa</strong></span> <span class='ocrx_word' id='word_1_793' title='bbox 2362 3864 2473 3933; x_wconf 86' lang='lat' dir='ltr'><strong>ipsa</strong></span> <span class='ocrx_word' id='word_1_794' title='bbox 2496 3880 2615 3935; x_wconf 76' lang='lat' dir='ltr'><strong>que</strong></span> <span class='ocrx_word' id='word_1_795' title='bbox 2643 3879 2784 3920; x_wconf 88' lang='lat' dir='ltr'><strong>nunc</strong></span> <span class='ocrx_word' id='word_1_796' title='bbox 2813 3866 2863 3918; x_wconf 91' lang='lat' dir='ltr'><strong>in</strong></span> <span class='ocrx_word' id='word_1_797' title='bbox 2886 3880 3012 3919; x_wconf 88' lang='lat' dir='ltr'><strong>eum</strong></span> <span class='ocrx_word' id='word_1_798' title='bbox 3034 3864 3287 3929; x_wconf 83' lang='lat' dir='ltr'><strong>declarat,</strong></span> <span class='ocrx_word' id='word_1_799' title='bbox 3329 3864 3398 3919; x_wconf 88' lang='lat' dir='ltr'><strong>de</strong></span> <span class='ocrx_word' id='word_1_800' title='bbox 3440 3865 3546 3918; x_wconf 86' lang='lat' dir='ltr'><strong>illis</strong></span> <span class='ocrx_word' id='word_1_801' title='bbox 3571 3865 3633 3917; x_wconf 84' lang='lat' dir='ltr'><strong>li-</strong></span> 
     </span>
    </p>
   </div>
   <div class='ocr_carea' id='block_1_102' title="bbox 2048 3952 3632 4027">
    <p class='ocr_par' dir='ltr' id='par_1_102' title="bbox 2048 3952 3632 4027">
     <span class='ocr_line' id='line_1_102' title="bbox 2048 3952 3632 4027; baseline 0.002 -19"><span class='ocrx_word' id='word_1_802' title='bbox 2048 3952 2258 4009; x_wconf 87' lang='lat' dir='ltr'><strong>duciam</strong></span> <span class='ocrx_word' id='word_1_803' title='bbox 2286 3955 2437 4010; x_wconf 89' lang='lat' dir='ltr'><strong>indit.</strong></span> <span class='ocrx_word' id='word_1_804' title='bbox 2465 3956 2602 4012; x_wconf 87' lang='lat' dir='ltr'><strong>Dicit</strong></span> <span class='ocrx_word' id='word_1_805' title='bbox 2627 3958 2767 4011; x_wconf 89' lang='lat' dir='ltr'><strong>enim</strong></span> <span class='ocrx_word' id='word_1_806' title='bbox 2801 3973 2815 4009; x_wconf 88' lang='lat'><strong>:</strong></span> <span class='ocrx_word' id='word_1_807' title='bbox 2846 3956 2923 4012; x_wconf 87' lang='lat' dir='ltr'><strong>Ne</strong></span> <span class='ocrx_word' id='word_1_808' title='bbox 2953 3966 3104 4027; x_wconf 88' lang='lat' dir='ltr'><strong>putes</strong></span> <span class='ocrx_word' id='word_1_809' title='bbox 3143 3973 3229 4011; x_wconf 81' lang='lat' dir='ltr'><strong>nte</strong></span> <span class='ocrx_word' id='word_1_810' title='bbox 3255 3957 3371 4011; x_wconf 74' lang='lat' dir='ltr'><strong>lucc</strong></span> <span class='ocrx_word' id='word_1_811' title='bbox 3394 3958 3515 4011; x_wconf 84' lang='lat' dir='ltr'><strong>sola</strong></span> <span class='ocrx_word' id='word_1_812' title='bbox 3543 3958 3632 4011; x_wconf 86' lang='lat' dir='ltr'><strong>tibi</strong></span> 
     </span>
    </p>
   </div>
   <div class='ocr_carea' id='block_1_103' title="bbox 2052 4046 3635 4116">
    <p class='ocr_par' dir='ltr' id='par_1_103' title="bbox 2052 4046 3635 4116">
     <span class='ocr_line' id='line_1_103' title="bbox 2052 4046 3635 4116; baseline 0.003 -17"><span class='ocrx_word' id='word_1_813' title='bbox 2052 4046 2287 4115; x_wconf 87' lang='lat' dir='ltr'><strong>polliceri</strong></span> <span class='ocrx_word' id='word_1_814' title='bbox 2314 4064 2328 4112; x_wconf 88' lang='lat'><strong>;</strong></span> <span class='ocrx_word' id='word_1_815' title='bbox 2366 4048 2461 4104; x_wconf 83' lang='lat' dir='ltr'><strong>sed</strong></span> <span class='ocrx_word' id='word_1_816' title='bbox 2489 4060 2542 4104; x_wconf 84' lang='lat' dir='ltr'><strong>et</strong></span> <span class='ocrx_word' id='word_1_817' title='bbox 2584 4064 2725 4104; x_wconf 87' lang='lat' dir='ltr'><strong>nunc</strong></span> <span class='ocrx_word' id='word_1_818' title='bbox 2752 4050 2834 4104; x_wconf 80' lang='grc'><strong>15.</strong></span> <span class='ocrx_word' id='word_1_819' title='bbox 2876 4048 3059 4104; x_wconf 84' lang='lat' dir='ltr'><strong>Tecum</strong></span> <span class='ocrx_word' id='word_1_820' title='bbox 3086 4068 3228 4116; x_wconf 83' lang='lat' dir='ltr'><strong>sum,</strong></span> <span class='ocrx_word' id='word_1_821' title='bbox 3254 4052 3546 4105; x_wconf 70' lang='lat' dir='ltr'><strong>custodian</strong></span> <span class='ocrx_word' id='word_1_822' title='bbox 3590 4062 3635 4103; x_wconf 76' lang='lat' dir='ltr'><strong>te</strong></span> 
     </span>
    </p>
   </div>
   <div class='ocr_carea' id='block_1_104' title="bbox 2051 4138 3630 4212">
    <p class='ocr_par' dir='ltr' id='par_1_104' title="bbox 2051 4138 3630 4212">
     <span class='ocr_line' id='line_1_104' title="bbox 2051 4138 3630 4212; baseline 0.004 -21"><span class='ocrx_word' id='word_1_823' title='bbox 2051 4138 2104 4191; x_wconf 86' lang='lat' dir='ltr'><strong>iu</strong></span> <span class='ocrx_word' id='word_1_824' title='bbox 2132 4140 2266 4193; x_wconf 86' lang='lat' dir='ltr'><strong>omni</strong></span> <span class='ocrx_word' id='word_1_825' title='bbox 2296 4141 2395 4203; x_wconf 82' lang='lat' dir='ltr'><strong>via,</strong></span> <span class='ocrx_word' id='word_1_826' title='bbox 2422 4157 2521 4205; x_wconf 89' lang='lat' dir='ltr'><strong>quo</strong></span> <span class='ocrx_word' id='word_1_827' title='bbox 2546 4141 2707 4195; x_wconf 85' lang='lat' dir='ltr'><strong>vadis.</strong></span> <span class='ocrx_word' id='word_1_828' title='bbox 2739 4141 2818 4197; x_wconf 87' lang='lat' dir='ltr'><strong>Ne</strong></span> <span class='ocrx_word' id='word_1_829' title='bbox 2848 4142 3007 4212; x_wconf 87' lang='lat' dir='ltr'><strong>igitur</strong></span> <span class='ocrx_word' id='word_1_830' title='bbox 3038 4155 3207 4211; x_wconf 88' lang='lat' dir='ltr'><strong>putes,</strong></span> <span class='ocrx_word' id='word_1_831' title='bbox 3241 4144 3436 4211; x_wconf 86' lang='lat' dir='ltr'><strong>inquit,</strong></span> <span class='ocrx_word' id='word_1_832' title='bbox 3464 4153 3519 4197; x_wconf 83' lang='lat' dir='ltr'><strong>te</strong></span> <span class='ocrx_word' id='word_1_833' title='bbox 3540 4158 3630 4197; x_wconf 74' lang='lat' dir='ltr'><strong>so-</strong></span> 
     </span>
    </p>
   </div>
   <div class='ocr_carea' id='block_1_105' title="bbox 2053 4229 3634 4298">
    <p class='ocr_par' dir='ltr' id='par_1_105' title="bbox 2053 4229 3634 4298">
     <span class='ocr_line' id='line_1_105' title="bbox 2053 4229 3634 4298; baseline 0.001 -15"><span class='ocrx_word' id='word_1_834' title='bbox 2053 4229 2162 4284; x_wconf 88' lang='lat' dir='ltr'><strong>lum</strong></span> <span class='ocrx_word' id='word_1_835' title='bbox 2203 4232 2299 4285; x_wconf 92' lang='lat' dir='ltr'><strong>iter</strong></span> <span class='ocrx_word' id='word_1_836' title='bbox 2346 4231 2520 4287; x_wconf 88' lang='lat' dir='ltr'><strong>facere</strong></span> <span class='ocrx_word' id='word_1_837' title='bbox 2561 4249 2576 4286; x_wconf 89' lang='lat'><strong>:</strong></span> <span class='ocrx_word' id='word_1_838' title='bbox 2614 4249 2703 4287; x_wconf 89' lang='lat' dir='ltr'><strong>me</strong></span> <span class='ocrx_word' id='word_1_839' title='bbox 2732 4233 2952 4289; x_wconf 87' lang='lat' dir='ltr'><strong>habebis</strong></span> <span class='ocrx_word' id='word_1_840' title='bbox 2994 4234 3198 4289; x_wconf 86' lang='lat' dir='ltr'><strong>itineris</strong></span> <span class='ocrx_word' id='word_1_841' title='bbox 3236 4234 3524 4298; x_wconf 80' lang='lat' dir='ltr'><strong>comitem,</strong></span> <span class='ocrx_word' id='word_1_842' title='bbox 3550 4249 3634 4285; x_wconf 82' lang='lat' dir='ltr'><strong>me</strong></span> 
     </span>
    </p>
   </div>
   <div class='ocr_carea' id='block_1_106' title="bbox 2053 4320 3635 4389">
    <p class='ocr_par' dir='ltr' id='par_1_106' title="bbox 2053 4320 3635 4389">
     <span class='ocr_line' id='line_1_106' title="bbox 2053 4320 3635 4389; baseline 0.002 -15"><span class='ocrx_word' id='word_1_843' title='bbox 2053 4320 2270 4375; x_wconf 90' lang='lat' dir='ltr'><strong>habebis</strong></span> <span class='ocrx_word' id='word_1_844' title='bbox 2297 4321 2571 4377; x_wconf 90' lang='lat' dir='ltr'><strong>custodem</strong></span> <span class='ocrx_word' id='word_1_845' title='bbox 2603 4323 2656 4377; x_wconf 91' lang='lat' dir='ltr'><strong>in</strong></span> <span class='ocrx_word' id='word_1_846' title='bbox 2700 4324 2844 4377; x_wconf 89' lang='lat' dir='ltr'><strong>omni</strong></span> <span class='ocrx_word' id='word_1_847' title='bbox 2881 4322 2962 4377; x_wconf 76' lang='lat' dir='ltr'><strong>via</strong></span> <span class='ocrx_word' id='word_1_848' title='bbox 2984 4365 2998 4389; x_wconf 90' lang='lat'><strong>,</strong></span> <span class='ocrx_word' id='word_1_849' title='bbox 3029 4324 3207 4377; x_wconf 89' lang='lat' dir='ltr'><strong>omnia</strong></span> <span class='ocrx_word' id='word_1_850' title='bbox 3252 4323 3347 4377; x_wconf 90' lang='lat' dir='ltr'><strong>tibi</strong></span> <span class='ocrx_word' id='word_1_851' title='bbox 3395 4322 3635 4377; x_wconf 80' lang='lat' dir='ltr'><strong>difﬁcilia</strong></span> 
     </span>
    </p>
   </div>
   <div class='ocr_carea' id='block_1_107' title="bbox 2054 4411 3636 4485">
    <p class='ocr_par' dir='ltr' id='par_1_107' title="bbox 2054 4411 3636 4485">
     <span class='ocr_line' id='line_1_107' title="bbox 2054 4411 3636 4485; baseline 0.004 -21"><span class='ocrx_word' id='word_1_852' title='bbox 2054 4411 2223 4467; x_wconf 86' lang='lat' dir='ltr'><strong>facilia</strong></span> <span class='ocrx_word' id='word_1_853' title='bbox 2262 4412 2596 4469; x_wconf 88' lang='lat' dir='ltr'><strong>reddentem.</strong></span> <span class='ocrx_word' id='word_1_854' title='bbox 2623 4416 2822 4469; x_wconf 81' lang='lat' dir='ltr'><strong>Exinde</strong></span> <span class='ocrx_word' id='word_1_855' title='bbox 2868 4417 3035 4485; x_wconf 83' lang='lat' dir='ltr'><strong>magis</strong></span> <span class='ocrx_word' id='word_1_856' title='bbox 3076 4431 3277 4485; x_wconf 85' lang='lat' dir='ltr'><strong>augens</strong></span> <span class='ocrx_word' id='word_1_857' title='bbox 3305 4417 3636 4471; x_wconf 53' lang='lat' dir='ltr'><strong>consolatio.</strong></span> 
     </span>
    </p>
   </div>
   <div class='ocr_carea' id='block_1_108' title="bbox 2054 4505 3636 4576">
    <p class='ocr_par' dir='ltr' id='par_1_108' title="bbox 2054 4505 3636 4576">
     <span class='ocr_line' id='line_1_108' title="bbox 2054 4505 3636 4576; baseline 0.001 -17"><span class='ocrx_word' id='word_1_858' title='bbox 2054 4522 2205 4571; x_wconf 86' lang='lat' dir='ltr'><strong>nem,</strong></span> <span class='ocrx_word' id='word_1_859' title='bbox 2231 4505 2338 4574; x_wconf 89' lang='lat' dir='ltr'><strong>jam</strong></span> <span class='ocrx_word' id='word_1_860' title='bbox 2387 4506 2619 4574; x_wconf 73' lang='lat' dir='ltr'><strong>przcdicit</strong></span> <span class='ocrx_word' id='word_1_861' title='bbox 2645 4508 2692 4561; x_wconf 92' lang='lat' dir='ltr'><strong>ei</strong></span> <span class='ocrx_word' id='word_1_862' title='bbox 2722 4507 2949 4562; x_wconf 87' lang='lat' dir='ltr'><strong>reditum</strong></span> <span class='ocrx_word' id='word_1_863' title='bbox 2987 4508 3054 4562; x_wconf 88' lang='lat' dir='ltr'><strong>ad</strong></span> <span class='ocrx_word' id='word_1_864' title='bbox 3083 4523 3198 4561; x_wconf 90' lang='lat' dir='ltr'><strong>sua.</strong></span> <span class='ocrx_word' id='word_1_865' title='bbox 3226 4508 3294 4561; x_wconf 83' lang='lat' dir='ltr'><strong>Et</strong></span> <span class='ocrx_word' id='word_1_866' title='bbox 3333 4508 3517 4561; x_wconf 66' lang='lat' dir='ltr'><strong>reverti</strong></span> <span class='ocrx_word' id='word_1_867' title='bbox 3554 4513 3636 4576; x_wconf 79' lang='lat' dir='ltr'><strong>fa-</strong></span> 
     </span>
    </p>
   </div>
   <div class='ocr_carea' id='block_1_109' title="bbox 2052 4597 3633 4669">
    <p class='ocr_par' dir='ltr' id='par_1_109' title="bbox 2052 4597 3633 4669">
     <span class='ocr_line' id='line_1_109' title="bbox 2052 4597 3633 4669; baseline -0.001 -17"><span class='ocrx_word' id='word_1_868' title='bbox 2052 4599 2181 4652; x_wconf 84' lang='lat' dir='ltr'><strong>ciam</strong></span> <span class='ocrx_word' id='word_1_869' title='bbox 2206 4607 2272 4661; x_wconf 86' lang='lat' dir='ltr'><strong>te,</strong></span> <span class='ocrx_word' id='word_1_870' title='bbox 2297 4597 2488 4667; x_wconf 89' lang='lat' dir='ltr'><strong>inquit,</strong></span> <span class='ocrx_word' id='word_1_871' title='bbox 2516 4598 2569 4652; x_wconf 88' lang='lat' dir='ltr'><strong>in</strong></span> <span class='ocrx_word' id='word_1_872' title='bbox 2609 4607 2791 4652; x_wconf 86' lang='lat' dir='ltr'><strong>terram</strong></span> <span class='ocrx_word' id='word_1_873' title='bbox 2815 4602 2962 4653; x_wconf 81' lang='lat' dir='ltr'><strong>hanc.</strong></span> <span class='ocrx_word' id='word_1_874' title='bbox 2993 4599 3071 4653; x_wconf 88' lang='lat' dir='ltr'><strong>Ne</strong></span> <span class='ocrx_word' id='word_1_875' title='bbox 3098 4599 3354 4655; x_wconf 87' lang='lat' dir='ltr'><strong>formidcs</strong></span> <span class='ocrx_word' id='word_1_876' title='bbox 3378 4640 3392 4664; x_wconf 93' lang='lat'><strong>,</strong></span> <span class='ocrx_word' id='word_1_877' title='bbox 3423 4600 3598 4669; x_wconf 83' lang='lat' dir='ltr'><strong>inquit</strong></span> <span class='ocrx_word' id='word_1_878' title='bbox 3619 4640 3633 4660; x_wconf 90' lang='lat'><strong>,</strong></span> 
     </span>
    </p>
   </div>
   <div class='ocr_carea' id='block_1_110' title="bbox 2051 4689 3636 4766">
    <p class='ocr_par' dir='ltr' id='par_1_110' title="bbox 2051 4689 3636 4766">
     <span class='ocr_line' id='line_1_110' title="bbox 2051 4689 3636 4766; baseline 0 -23"><span class='ocrx_word' id='word_1_879' title='bbox 2051 4689 2203 4759; x_wconf 91' lang='lat' dir='ltr'><strong>quasi</strong></span> <span class='ocrx_word' id='word_1_880' title='bbox 2231 4689 2285 4743; x_wconf 91' lang='lat' dir='ltr'><strong>in</strong></span> <span class='ocrx_word' id='word_1_881' title='bbox 2310 4690 2488 4766; x_wconf 22' lang='lat' dir='ltr'><strong>aliena.</strong></span> <span class='ocrx_word' id='word_1_882' title='bbox 2509 4699 2649 4744; x_wconf 90' lang='lat' dir='ltr'><strong>terra</strong></span> <span class='ocrx_word' id='word_1_883' title='bbox 2674 4700 2997 4746; x_wconf 87' lang='lat' dir='ltr'><strong>versaturus.</strong></span> <span class='ocrx_word' id='word_1_884' title='bbox 3024 4690 3092 4743; x_wconf 86' lang='lat' dir='ltr'><strong>Et</strong></span> <span class='ocrx_word' id='word_1_885' title='bbox 3111 4691 3349 4743; x_wconf 84' lang='lat' dir='ltr'><strong>reducam</strong></span> <span class='ocrx_word' id='word_1_886' title='bbox 3373 4699 3423 4744; x_wconf 85' lang='lat' dir='ltr'><strong>te</strong></span> <span class='ocrx_word' id='word_1_887' title='bbox 3449 4692 3505 4744; x_wconf 85' lang='lat' dir='ltr'><strong>in</strong></span> <span class='ocrx_word' id='word_1_888' title='bbox 3533 4701 3636 4743; x_wconf 75' lang='lat' dir='ltr'><strong>ter-</strong></span> 
     </span>
    </p>
   </div>
   <div class='ocr_carea' id='block_1_111' title="bbox 2052 4782 3635 4853">
    <p class='ocr_par' dir='ltr' id='par_1_111' title="bbox 2052 4782 3635 4853">
     <span class='ocr_line' id='line_1_111' title="bbox 2052 4782 3635 4853; baseline -0.001 -18"><span class='ocrx_word' id='word_1_889' title='bbox 2052 4799 2163 4835; x_wconf 88' lang='lat' dir='ltr'><strong>ram</strong></span> <span class='ocrx_word' id='word_1_890' title='bbox 2182 4783 2332 4850; x_wconf 78' lang='lat' dir='ltr'><strong>hanc,</strong></span> <span class='ocrx_word' id='word_1_891' title='bbox 2354 4793 2400 4835; x_wconf 89' lang='lat' dir='ltr'><strong>et</strong></span> <span class='ocrx_word' id='word_1_892' title='bbox 2416 4783 2684 4836; x_wconf 75' lang='lat' dir='ltr'><strong>minimete</strong></span> <span class='ocrx_word' id='word_1_893' title='bbox 2710 4783 3069 4853; x_wconf 83' lang='lat' dir='ltr'><strong>derelinquam,</strong></span> <span class='ocrx_word' id='word_1_894' title='bbox 3091 4782 3250 4836; x_wconf 88' lang='lat' dir='ltr'><strong>donec</strong></span> <span class='ocrx_word' id='word_1_895' title='bbox 3271 4786 3445 4853; x_wconf 76' lang='lat' dir='ltr'><strong>fecero</strong></span> <span class='ocrx_word' id='word_1_896' title='bbox 3472 4784 3635 4836; x_wconf 68' lang='lat' dir='ltr'><strong>omnia</strong></span> 
     </span>
    </p>
   </div>
   <div class='ocr_carea' id='block_1_112' title="bbox 2051 4873 3635 4943">
    <p class='ocr_par' dir='ltr' id='par_1_112' title="bbox 2051 4873 3635 4943">
     <span class='ocr_line' id='line_1_112' title="bbox 2051 4873 3635 4943; baseline 0.001 -16"><span class='ocrx_word' id='word_1_897' title='bbox 2051 4889 2165 4943; x_wconf 75' lang='lat' dir='ltr'><strong>qua:</strong></span> <span class='ocrx_word' id='word_1_898' title='bbox 2191 4876 2426 4943; x_wconf 86' lang='lat' dir='ltr'><strong>loquutus</strong></span> <span class='ocrx_word' id='word_1_899' title='bbox 2471 4891 2584 4927; x_wconf 87' lang='lat' dir='ltr'><strong>sum</strong></span> <span class='ocrx_word' id='word_1_900' title='bbox 2621 4875 2726 4928; x_wconf 87' lang='lat' dir='ltr'><strong>tibi.</strong></span> <span class='ocrx_word' id='word_1_901' title='bbox 2758 4873 2871 4929; x_wconf 88' lang='lat' dir='ltr'><strong>Non</strong></span> <span class='ocrx_word' id='word_1_902' title='bbox 2918 4874 3207 4943; x_wconf 87' lang='lat' dir='ltr'><strong>despiciam</strong></span> <span class='ocrx_word' id='word_1_903' title='bbox 3246 4884 3298 4928; x_wconf 90' lang='lat' dir='ltr'><strong>te</strong></span> <span class='ocrx_word' id='word_1_904' title='bbox 3324 4916 3339 4939; x_wconf 91' lang='lat'><strong>,</strong></span> <span class='ocrx_word' id='word_1_905' title='bbox 3371 4890 3548 4943; x_wconf 87' lang='lat' dir='ltr'><strong>neque</strong></span> <span class='ocrx_word' id='word_1_906' title='bbox 3588 4886 3635 4928; x_wconf 89' lang='lat' dir='ltr'><strong>te</strong></span> 
     </span>
    </p>
   </div>
   <div class='ocr_carea' id='block_1_113' title="bbox 2051 4964 3635 5035">
    <p class='ocr_par' dir='ltr' id='par_1_113' title="bbox 2051 4964 3635 5035">
     <span class='ocr_line' id='line_1_113' title="bbox 2051 4964 3635 5035; baseline 0 -16"><span class='ocrx_word' id='word_1_907' title='bbox 2051 4964 2258 5019; x_wconf 89' lang='lat' dir='ltr'><strong>consilii</strong></span> <span class='ocrx_word' id='word_1_908' title='bbox 2285 4965 2494 5033; x_wconf 88' lang='lat' dir='ltr'><strong>inopem</strong></span> <span class='ocrx_word' id='word_1_909' title='bbox 2520 4965 2689 5020; x_wconf 86' lang='lat' dir='ltr'><strong>sinam</strong></span> <span class='ocrx_word' id='word_1_910' title='bbox 2714 4980 2729 5029; x_wconf 90' lang='lat'><strong>;</strong></span> <span class='ocrx_word' id='word_1_911' title='bbox 2753 4964 2846 5020; x_wconf 90' lang='lat' dir='ltr'><strong>sed</strong></span> <span class='ocrx_word' id='word_1_912' title='bbox 2873 4964 2988 5020; x_wconf 77' lang='lat' dir='ltr'><strong>lucc</strong></span> <span class='ocrx_word' id='word_1_913' title='bbox 3016 4981 3366 5034; x_wconf 79' lang='lat' dir='ltr'><strong>qua-cumque</strong></span> <span class='ocrx_word' id='word_1_914' title='bbox 3389 4965 3484 5019; x_wconf 82' lang='lat' dir='ltr'><strong>tibi</strong></span> <span class='ocrx_word' id='word_1_915' title='bbox 3514 4983 3635 5035; x_wconf 85' lang='lat' dir='ltr'><strong>pro-</strong></span> 
     </span>
    </p>
   </div>
   <div class='ocr_carea' id='block_1_114' title="bbox 2051 5056 3635 5126">
    <p class='ocr_par' dir='ltr' id='par_1_114' title="bbox 2051 5056 3635 5126">
     <span class='ocr_line' id='line_1_114' title="bbox 2051 5056 3635 5126; baseline 0.001 -15"><span class='ocrx_word' id='word_1_916' title='bbox 2051 5056 2169 5111; x_wconf 91' lang='lat' dir='ltr'><strong>misi</strong></span> <span class='ocrx_word' id='word_1_917' title='bbox 2212 5057 2264 5111; x_wconf 89' lang='lat' dir='ltr'><strong>in</strong></span> <span class='ocrx_word' id='word_1_918' title='bbox 2307 5072 2441 5126; x_wconf 87' lang='lat' dir='ltr'><strong>opus</strong></span> <span class='ocrx_word' id='word_1_919' title='bbox 2477 5056 2755 5113; x_wconf 82' lang='lat' dir='ltr'><strong>adducam.</strong></span> <span class='ocrx_word' id='word_1_920' title='bbox 2780 5057 3056 5123; x_wconf 86' lang='lat' dir='ltr'><strong>Quomodo</strong></span> <span class='ocrx_word' id='word_1_921' title='bbox 3090 5058 3211 5126; x_wconf 92' lang='lat' dir='ltr'><strong>quis</strong></span> <span class='ocrx_word' id='word_1_922' title='bbox 3242 5073 3340 5125; x_wconf 86' lang='lat' dir='ltr'><strong>pro</strong></span> <span class='ocrx_word' id='word_1_923' title='bbox 3376 5059 3635 5126; x_wconf 80' lang='lat' dir='ltr'><strong>dignitate</strong></span> 
     </span>
    </p>
   </div>
   <div class='ocr_carea' id='block_1_115' title="bbox 2051 5146 3629 5221">
    <p class='ocr_par' dir='ltr' id='par_1_115' title="bbox 2051 5146 3629 5221">
     <span class='ocr_line' id='line_1_115' title="bbox 2051 5146 3629 5221; baseline 0.001 -20"><span class='ocrx_word' id='word_1_924' title='bbox 2051 5147 2398 5202; x_wconf 88' lang='lat' dir='ltr'><strong>admirabitur</strong></span> <span class='ocrx_word' id='word_1_925' title='bbox 2434 5157 2488 5203; x_wconf 92' lang='lat' dir='ltr'><strong>et</strong></span> <span class='ocrx_word' id='word_1_926' title='bbox 2529 5147 2868 5218; x_wconf 81' lang='lat' dir='ltr'><strong>obstupescet</strong></span> <span class='ocrx_word' id='word_1_927' title='bbox 2894 5146 3134 5202; x_wconf 84' lang='lat' dir='ltr'><strong>divinam</strong></span> <span class='ocrx_word' id='word_1_928' title='bbox 3157 5149 3549 5221; x_wconf 84' lang='lat' dir='ltr'><strong>benignitatem</strong></span> <span class='ocrx_word' id='word_1_929' title='bbox 3585 5160 3629 5202; x_wconf 84' lang='lat' dir='ltr'><strong>et</strong></span> 
     </span>
    </p>
   </div>
   <div class='ocr_carea' id='block_1_116' title="bbox 2052 5238 3626 5311">
    <p class='ocr_par' dir='ltr' id='par_1_116' title="bbox 2052 5238 3626 5311">
     <span class='ocr_line' id='line_1_116' title="bbox 2052 5238 3626 5311; baseline -0.001 -16"><span class='ocrx_word' id='word_1_930' title='bbox 2052 5241 2475 5296; x_wconf 70' lang='lat' dir='ltr'><strong>ittzestimabilem</strong></span> <span class='ocrx_word' id='word_1_931' title='bbox 2526 5240 3112 5311; x_wconf 70' lang='lat' dir='ltr'><strong>indulgenti::m?Vide</strong></span> <span class='ocrx_word' id='word_1_932' title='bbox 3167 5238 3311 5293; x_wconf 86' lang='lat' dir='ltr'><strong>enim</strong></span> <span class='ocrx_word' id='word_1_933' title='bbox 3377 5252 3626 5309; x_wconf 78' lang='lat' dir='ltr'><strong>quantum</strong></span> 
     </span>
    </p>
   </div>
   <div class='ocr_carea' id='block_1_117' title="bbox 2050 5330 3624 5402">
    <p class='ocr_par' dir='ltr' id='par_1_117' title="bbox 2050 5330 3624 5402">
     <span class='ocr_line' id='line_1_117' title="bbox 2050 5330 3624 5402; baseline -0.001 -17"><span class='ocrx_word' id='word_1_934' title='bbox 2050 5332 2257 5402; x_wconf 90' lang='lat' dir='ltr'><strong>pondus</strong></span> <span class='ocrx_word' id='word_1_935' title='bbox 2283 5333 2691 5401; x_wconf 84' lang='lat' dir='ltr'><strong>promissionum</strong></span> <span class='ocrx_word' id='word_1_936' title='bbox 2718 5333 2807 5385; x_wconf 89' lang='lat' dir='ltr'><strong>dat</strong></span> <span class='ocrx_word' id='word_1_937' title='bbox 2829 5332 2993 5400; x_wconf 83' lang='lat' dir='ltr'><strong>justo,</strong></span> <span class='ocrx_word' id='word_1_938' title='bbox 3018 5340 3072 5385; x_wconf 92' lang='lat' dir='ltr'><strong>et</strong></span> <span class='ocrx_word' id='word_1_939' title='bbox 3096 5330 3371 5399; x_wconf 85' lang='lat' dir='ltr'><strong>quomodo</strong></span> <span class='ocrx_word' id='word_1_940' title='bbox 3398 5335 3624 5385; x_wconf 79' lang='lat' dir='ltr'><strong>animum</strong></span> 
     </span>
    </p>
   </div>
   <div class='ocr_carea' id='block_1_118' title="bbox 2050 5421 3624 5496">
    <p class='ocr_par' dir='ltr' id='par_1_118' title="bbox 2050 5421 3624 5496">
     <span class='ocr_line' id='line_1_118' title="bbox 2050 5421 3624 5496; baseline -0.003 -15"><span class='ocrx_word' id='word_1_941' title='bbox 2050 5426 2167 5496; x_wconf 86' lang='lat' dir='ltr'><strong>ejus</strong></span> <span class='ocrx_word' id='word_1_942' title='bbox 2194 5426 2387 5481; x_wconf 89' lang='lat' dir='ltr'><strong>erexit.</strong></span> <span class='ocrx_word' id='word_1_943' title='bbox 2416 5424 2599 5494; x_wconf 82' lang='lat' dir='ltr'><strong>Cogita</strong></span> <span class='ocrx_word' id='word_1_944' title='bbox 2645 5425 2768 5479; x_wconf 86' lang='lat' dir='ltr'><strong>item</strong></span> <span class='ocrx_word' id='word_1_945' title='bbox 2792 5432 2861 5478; x_wconf 76' lang='lat' dir='ltr'><strong>‘et</strong></span> <span class='ocrx_word' id='word_1_946' title='bbox 2904 5423 3033 5492; x_wconf 89' lang='lat' dir='ltr'><strong>justi</strong></span> <span class='ocrx_word' id='word_1_947' title='bbox 3073 5421 3229 5489; x_wconf 85' lang='lat' dir='ltr'><strong>hujus</strong></span> <span class='ocrx_word' id='word_1_948' title='bbox 3267 5434 3484 5489; x_wconf 84' lang='lat' dir='ltr'><strong>gratum</strong></span> <span class='ocrx_word' id='word_1_949' title='bbox 3514 5424 3624 5477; x_wconf 77' lang='lat' dir='ltr'><strong>alle-</strong></span> 
     </span>
    </p>
   </div>
   <div class='ocr_carea' id='block_1_119' title="bbox 2102 5524 3617 5589">
    <p class='ocr_par' dir='ltr' id='par_1_119' title="bbox 2102 5524 3617 5589">
     <span class='ocr_line' id='line_1_119' title="bbox 2102 5524 3617 5589; baseline -0.004 -10"><span class='ocrx_word' id='word_1_950' title='bbox 2102 5534 2121 5565; x_wconf 69' lang='grc'><strong>1</strong></span> <span class='ocrx_word' id='word_1_951' title='bbox 2150 5532 2217 5579; x_wconf 87' lang='lat' dir='ltr'><strong>Ita</strong></span> <span class='ocrx_word' id='word_1_952' title='bbox 2242 5529 2407 5580; x_wconf 84' lang='lat' dir='ltr'><strong>Codex</strong></span> <span class='ocrx_word' id='word_1_953' title='bbox 2434 5541 2583 5584; x_wconf 89' lang='lat' dir='ltr'><strong>unus,</strong></span> <span class='ocrx_word' id='word_1_954' title='bbox 2605 5533 2753 5589; x_wconf 88' lang='lat' dir='ltr'><strong>atque</strong></span> <span class='ocrx_word' id='word_1_955' title='bbox 2785 5525 2857 5574; x_wconf 87' lang='lat' dir='ltr'><strong>sic</strong></span> <span class='ocrx_word' id='word_1_956' title='bbox 2881 5524 3096 5589; x_wconf 76' lang='lat' dir='ltr'><strong>habetur</strong></span> <span class='ocrx_word' id='word_1_957' title='bbox 3122 5528 3169 5589; x_wconf 83' lang='lat' dir='ltr'><strong>in</strong></span> <span class='ocrx_word' id='word_1_958' title='bbox 3196 5524 3391 5589; x_wconf 83' lang='lat' dir='ltr'><strong>_Bibliis</strong></span> <span class='ocrx_word' id='word_1_959' title='bbox 3432 5526 3617 5582; x_wconf 69' lang='lat' dir='ltr'><strong>Graecis,</strong></span> 
     </span>
    </p>
   </div>
   <div class='ocr_carea' id='block_1_120' title="bbox 2042 5585 3617 5651">
    <p class='ocr_par' dir='ltr' id='par_1_120' title="bbox 2042 5585 3617 5651">
     <span class='ocr_line' id='line_1_120' title="bbox 2042 5585 3617 5651; baseline -0.006 -8"><span class='ocrx_word' id='word_1_960' title='bbox 2042 5603 2096 5644; x_wconf 87' lang='lat' dir='ltr'><strong>et</strong></span> <span class='ocrx_word' id='word_1_961' title='bbox 2120 5594 2297 5641; x_wconf 87' lang='lat' dir='ltr'><strong>eodem</strong></span> <span class='ocrx_word' id='word_1_962' title='bbox 2335 5592 2480 5639; x_wconf 89' lang='lat' dir='ltr'><strong>modo</strong></span> <span class='ocrx_word' id='word_1_963' title='bbox 2521 5592 2645 5651; x_wconf 85' lang='lat' dir='ltr'><strong>legit</strong></span> <span class='ocrx_word' id='word_1_964' title='bbox 2673 5585 2961 5651; x_wconf 61' lang='lat' dir='ltr'><strong>interpres.</strong></span> <span class='ocrx_word' id='word_1_965' title='bbox 2988 5587 3041 5634; x_wconf 91' lang='lat' dir='ltr'><strong>ln</strong></span> <span class='ocrx_word' id='word_1_966' title='bbox 3073 5585 3253 5651; x_wconf 79' lang='lat' dir='ltr'><strong>Editis,</strong></span> <span class='ocrx_word' id='word_1_967' title='bbox 3297 5596 3357 5635; x_wconf 76' lang='lat' dir='ltr'><strong>et</strong></span> <span class='ocrx_word' id='word_1_968' title='bbox 3391 5588 3504 5636; x_wconf 75' lang='lat' dir='ltr'><strong>aliis</strong></span> <span class='ocrx_word' id='word_1_969' title='bbox 3530 5602 3617 5633; x_wconf 78' lang='lat' dir='ltr'><strong>mn-</strong></span> 
     </span>
    </p>
   </div>
   <div class='ocr_carea' id='block_1_121' title="bbox 2041 5647 3617 5768">
    <p class='ocr_par' dir='ltr' id='par_1_121' title="bbox 2041 5647 3617 5768">
     <span class='ocr_line' id='line_1_121' title="bbox 2041 5647 3617 5767; baseline -0.003 -63"><span class='ocrx_word' id='word_1_970' title='bbox 2041 5655 2220 5767; x_wconf 55' lang='lat' dir='ltr'><strong>gibusl</strong></span> <span class='ocrx_word' id='word_1_971' title='bbox 2244 5655 2357 5704; x_wconf 78' lang='lat' dir='ltr'><strong>Mss.</strong></span> <span class='ocrx_word' id='word_1_972' title='bbox 2413 5655 2519 5703; x_wconf 71' lang='lat' dir='ltr'><strong>haec</strong></span> <span class='ocrx_word' id='word_1_973' title='bbox 2543 5647 2649 5713; x_wconf 78' lang='grc' dir='ltr'><strong>,ἐι</strong></span> <span class='ocrx_word' id='word_1_974' title='bbox 2705 5647 3056 5704; x_wconf 63' lang='lat' dir='ltr'><strong>descendebant</strong></span> <span class='ocrx_word' id='word_1_975' title='bbox 3115 5650 3234 5712; x_wconf 75' lang='grc' dir='ltr'><strong>(καὶ</strong></span> <span class='ocrx_word' id='word_1_976' title='bbox 3299 5654 3617 5711; x_wconf 55' lang='lat' dir='ltr'><strong>ausimne»),</strong></span> 
     </span>
     <span class='ocr_line' id='line_1_122' title="bbox 2078 5732 2238 5768; baseline -0.019 0"><span class='ocrx_word' id='word_1_977' title='bbox 2078 5732 2197 5768; x_wconf 82' lang='lat' dir='ltr'><strong>esuu</strong></span> <span class='ocrx_word' id='word_1_978' title='bbox 2227 5754 2238 5765; x_wconf 91' lang='lat'><strong>.</strong></span> 
     </span>
    </p>
   </div>
  </div>
