3782 6296
149 320 256 374 ι’ἳξὶ

151 444 315 501 μενος
342 424 750 498 προθυμότερον
772 423 932 479 αὑτὸν
962 425 1297 496 ἐργάσασθαι
1322 423 1449 494 περὶ
1474 422 1572 495 τὴν
1598 422 1735 476 όιπο⁴

150 511 373 583 δημίαν,
409 510 504 562 καὶ
532 507 632 571 τὰς
670 510 802 578 παρ’
854 507 1018 560 αὐτοῦ
1052 508 1300 575 εὐλογίας
1345 506 1509 559 πάλιν
1544 503 1733 575 προτί-

148 594 300 665 θησι,
328 591 424 645 καί
470 600 670 662 φησιν’
716 588 777 641 '0
814 590 958 655 Θεός
985 607 1107 657 μου
1150 588 1470 657 εὐλογήσω
1502 604 1594 651 σε,
1634 586 1732 639 καὶ

148 675 411 740 αὐξήσει
443 689 538 735 σε,
573 671 671 725 καὶ
711 672 1012 739 πληθυνεῖ
1046 686 1141 735 σε,
1174 671 1275 725 καὶ
1307 673 1423 739 ἔσῃ
1451 672 1540 735 εἰς
1571 684 1734 722 συν-

149 759 388 830 αγωγὰς
400 756 612 818 ἐθνῶν,
626 755 725 808 καί
746 754 924 808 δώσει
941 770 1040 808 σοι
1060 754 1176 821 τὴν
1190 755 1477 823 εὐλογίαν
1490 753 1735 820 Ἀϐραὰμ

150 843 262 896 τοῦ
295 840 520 907 πατρός
540 856 682 908 μου,
721 838 823 891 σοὶ
855 837 953 890 καὶ
988 832 1066 904 τῷ
1106 836 1403 904 σπέρματί
1435 849 1552 890 σου
1584 832 1735 903 μετὰ

148 923 250 989 σὲ,
282 917 731 989 κληρονομῆσαι
758 918 872 985 τὴν
890 917 1006 988 γῆν
1022 917 1133 986 τῆς
1154 916 1569 987 παροικήσεώς
1595 929 1733 981 σου,

150 1006 239 1073 ἣν
276 1005 500 1059 ἔδωκεν
538 1006 572 1057 ὀ
611 1002 757 1068 Θεὸς
786 1001 867 1066 τῷ
908 1001 1175 1069 Ἁϐραάμ.
1218 1001 1362 1071 Ὅρα
1404 1000 1498 1053 τὸν
1529 999 1736 1051 δίκαιον

151 1089 368 1151 τοῦτον,
400 1089 549 1149 ὅπως
588 1087 970 1155 προαναφωνεῖ
996 1085 1147 1154 αὐτῷ
1186 1083 1425 1147 ἅπαντα,
1451 1082 1547 1136 καὶ
1577 1079 1736 1134 ἱκανὰ

150 1171 307 1242 αὐτῷ
338 1168 529 1238 ἐφόδια
580 1167 718 1239 πρὸς
764 1165 1109 1236 παραμυθίαν
1152 1166 1365 1230 δίδωσι,
1409 1162 1737 1236 προμηνύων

160 1254 320 1325 αὐτῷ
371 1250 466 1305 καὶ
507 1250 605 1321 τὴν
634 1249 891 1303 ἐπάνοδον
920 1249 1013 1300 καὶ
1051 1247 1152 1317 τῆς
1192 1248 1297 1317 γῆς
1338 1248 1438 1317 τὴν
1477 1247 1736 1316 κληρονο-

152 1339 310 1409 μίαν,
342 1336 436 1389 καὶ
477 1336 559 1388 ὅτι
616 1333 677 1386 οὑ
713 1332 873 1403 μόνον
925 1333 1006 1394 είς
1049 1330 1253 1400 πλῆθος
1291 1328 1579 1393 ἐπιδώσει,’
1602 1328 1738 1382 ἀλλά

152 1423 253 1474 καὶ
314 1416 639 1487 συναγωγάς
694 1415 866 1468 ἐθνῶν
932 1415 997 1466 ἐκ
1048 1412 1141 1466 τοῦ
1198 1413 1509 1484 σπέρματος
1571 1410 1735 1466 αὐτοῦ

151 1501 534 1567 ἐξελεύσεσθαι
574 1512 625 1555 ⁸.
692 1497 879 1550 Ταῦτα
934 1495 1176 1559 ἀκούσας
1230 1496 1262 1548 6
1312 1498 1441 1558 παῖς
1499 1495 1734 1564 ἐπλήρου

151 1586 224 1638 τά
273 1583 503 1647 δόξαντα
549 1579 627 1651 τῷ
656 1578 857 1648 πατρὶ,
894 1579 989 1631 καὶ
1030 1576 1321 1648 ἐπορεύετο
1366 1579 1447 1641 είς
1477 1577 1576 1648 τὴν
1626 1578 1738 1629 Με-

154 1666 505 1737 σοποταμίαν
545 1666 680 1734 πρὸς
735 1662 921 1715 Δάϐαν
964 1662 1057 1714 τὸν
1092 1661 1193 1731 τῆς
1247 1660 1453 1731 μητρὸς
1492 1660 1736 1728 ἀδελφόν.

167 1744 335 1802 Ἀλλά
360 1748 520 1800 πάλιν
539 1748 568 1800 6
593 1743 767 1798 Ἡσαῦ
795 1743 951 1797 τοῦτο
976 1743 1183 1814 μαθὼν,
1207 1744 1304 1797 καὶ
1324 1745 1404 1796 ὃτι
1428 1742 1741 1811 εὐλογηθεὶς

155 1832 314 1901 παρά
340 1830 433 1883 τοῦ
472 1829 677 1899 πατρὸς
701 1828 732 1880 6
759 1825 954 1879 Ἰακὼϐ
991 1824 1212 1889 ἐντολάς
1239 1825 1420 1890 ἔλαϐε,
1457 1826 1532 1897 μὴ
1558 1824 1741 1877 λαϐεῖν

152 1916 399 1987 γυναῖκα
421 1914 486 1964 ἐκ
514 1910 623 1963 τῶν
649 1907 964 1980 θυγατέρων
984 1907 1094 1962 τῶν
1118 1906 1459 1972 Χαναναίων,
1488 1907 1602 1961 ἀλλ’
1631 1907 1739 1978 ὧρ-

158 2012 340 2066 μησεν
369 1995 449 2058 είς
481 1993 579 2064 τὴν
606 1990 1057 2061 Μεσοποταμίαν,
1081 1989 1270 2061 ὥσπερ
1299 1990 1587 2060 διορθῶσαι
1618 1988 1743 2059 βου-

153 2078 387 2149 λόμενος
417 2076 478 2130 τὸ
513 2076 708 2129 οίκεῖον
737 2076 1004 2144 πταῖσμα,
1034 2074 1130 2126 καὶ
1160 2072 1608 2143 ἐξευμενίσασθαι
1653 2072 1743 2125 τὸν

154 2160 407 2229 πατέρα,
458 2156 778 2225 Προσθείς,
822 2156 1017 2226 φησὶν,
1069 2155 1248 2210 ἔλαϐε
1293 2154 1547 2225 γυναῖκα
1595 2154 1745 2222 πρὸς

153 2243 293 2308 ταῖς
318 2241 599 2311 γυναιξίν
628 2238 832 2303 αὐτοῦ,
866 2239 1158 2308 θυγατέρα
1198 2236 1450 2307 Ἰσμαὴλ
1478 2237 1582 2291 τοῦ
1610 2236 1744 2292 υἱοῦ

170 2324 442 2395 Ἀϐραάμ.
466 2321 637 2389 Εἶδες,
655 2323 930 2393 άγαπητέ,
954 2322 1075 2393 μεθ’
1097 2324 1229 2391 ὅσης
1253 2321 1518 2383 συνέσεως
1538 2322 1572 2391 ἡ
1600 2320 1746 2390 φιλό-

156 2425 394 2482 στοργος
408 2407 547 2478 αῦτη
564 2409 745 2478 μήτηρ
760 2405 1038 2476 ἐξήρπασε
1051 2406 1158 2459 τῶν
1170 2405 1429 2459 κινδύνων
1439 2404 1528 2458 τὸν
1553 2404 1745 2459 Ἰακὼϐ

156 2492 380 2563 πρέπον
422 2491 609 2560 σχῆμα
644 2488 895 2541 ἐπιθεῖσα
928 2487 1313 2558 τῇάποδημίᾳ,
1356 2488 1449 2541 καὶ
1483 2485 1605 2540 οὔτε
1651 2487 1745 2540 τοῦ

177 2572 356 2626 Ἠσαῦ
372 2571 471 2642 τὴν
489 2570 689 2626 κακίαν
706 2571 985 2642 ἐξέφηνεν,
1006 2569 1131 2623 οὔτε
1146 2570 1229 2641 τῷ
1247 2572 1414 2641 πατρὶ
1437 2570 1539 2641 τὴν
1569 2570 1747 2624 αἰτίαν

156 2657 334 2728 δήλην
350 2654 626 2724 ἐποίησεν,
653 2652 789 2707 ἀλλὰ
807 2653 902 2706 καὶ
924 2651 1061 2722 πρὸς
1092 2653 1184 2706 τὸν
1217 2653 1384 2706 παῖδα
1411 2653 1748 2723 κατάλληλον

158 2739 463 2808 ἐποιήσατο
492 2736 592 2808 τὴν
629 2733 961 2807 συμϐουλὴν,
982 2735 1070 2788 ἵνα
1109 2735 1517 2805 προτρέψασθαι
1546 2734 1748 2807 δυνηθῇ

157 2823 257 2878 διά
275 2818 368 2877 τοῦ
390 2818 555 2889 φόϐου
582 2817 1070 2883 καταδέξασθαιτά
1093 2818 1222 2888 παρ’
1268 2819 1439 2888 αὐτῆς
1461 2818 1747 2889 λεγόμενα,

161 2906 265 2960 καὶ
278 2903 358 2974 τῷ
370 2902 540 2973 πατρὶ
568 2901 917 2972 ἁρμόζουσαν
949 2899 1174 2971 γνώμην
1209 2902 1403 2971 εἰσηγή
1414 2917 1568 2963 σατος
1589 2901 1749 2953 Ὅθεν

160 2989 264 3042 καὶ
275 2984 590 3058 ἐπιδραμὼν
602 2988 630 3039 6
642 2984 848 3049 δίκαιος
859 2988 971 3047 τοῖς
984 2984 1196 3055 ῥηθεῖσι
1210 2984 1337 3056 παρ’
1350 2983 1752 3054 αὑτῆς,ἐφοδιά-

167 3088 275 3134 σας
298 3072 419 3133 ταῖς
432 3069 566 3139 παρ’
581 3066 777 3121 ἑαυτοῦ
799 3064 1069 3133 εὐλογίαις
1096 3064 1189 3119 τὸν
1216 3065 1410 3120 Ἰακὼϐ
1425 3066 1747 3137 ἐξέπεμψεν.

249 3153 392 3206 Ἀλλ’
439 3152 489 3204 εί
537 3149 704 3213 δοκεῖ,
741 3149 838 3202 καὶ
870 3147 946 3221 μὴ
984 3150 1301 3220 άπεκάμετε
1360 3150 1567 3220 οίδωμεν
1606 3151 1752 3212 ὅπως

152 3237 272 3307 τὴν
324 3232 634 3304 ἀποδημίαν
690 3234 975 3285 ποιεῖταιό
1022 3231 1240 3286 Ἰακώϐ.
1300 3233 1375 3287 Οὐ
1427 3231 1600 3303 μικρά
1645 3232 1753 3303 γὰρ

164 3320 270 3374 καὶ
294 3315 546 3373 ἐντεῦθεν
582 3313 982 3387 καρπώσασθαι
1032 3313 1395 3386 δυνησόμεθα,
1440 3314 1535 3367 ἐὰν
1588 3330 1754 3386 προσ-

172 3402 412 3471 έχωμεν.
446 3399 557 3454 Καὶ
578 3398 688 3471 γὰρ
714 3396 1034 3468 φιλοσοφίας
1058 3397 1276 3467 ἀπάσης
1289 3396 1637 3450 διδασκαλίαν
1654 3413 1753 3448 πε-

166 3486 349 3558 ριέχει
370 3483 478 3536 τῶν
492 3481 717 3536 δικαίων
742 3482 778 3551 ἡ
804 3480 1222 3552 διαγωγή.,⁶’ορα
1254 3480 1384 3549 γοῦν
1411 3480 1645 3533 ἐνταῦθα
1663 3480 1755 3533 τὸν

161 3568 293 3625 νέον
314 3565 524 3632 τοῦτον,
570 3564 664 3623 τὸν
695 3564 789 3617 ἐπὶ
823 3564 926 3633 τῆς
972 3564 1147 3626 οίκίας
1190 3562 1491 3634 τραφέντα,
1527 3563 1618 3615 τὸν
1657 3563 1756 3633 οὐχ

162 3650 480 3721 ὁδοιπορίας
502 3650 696 3720 πεῖραν
717 3647 977 3719 εἰληφότα
1003 3648 1157 3711 ποτὲ,
1183 3647 1244 3699 οὐ
1274 3647 1375 3717 τῆς
1408 3647 1466 3700 ἐν
1496 3646 1623 3719 ξένῃ
1639 3646 1754 3701 δια-

161 3733 496 3807 τριϐῆς,οὑχ
526 3733 719 3803 ἐτέρας
748 3732 891 3795 τινὸς
924 3731 1239 3800 κακουχίας,
1251 3732 1399 3794 ὅπως
1418 3730 1756 3800 ἀπτεταιτῆς

162 3816 510 3888 ὁδοιπορίας,
534 3814 627 3868 καὶ
654 3814 891 3886 μάνθανε
922 3812 1021 3886 τῆς
1047 3815 1369 3882 φιλοσοφίας
1389 3815 1489 3885 τὴν
1520 3813 1755 3885 ὑπερϐοο

162 3903 291 3967 λήν.
341 3899 612 3967 Ἐξῆλθε,
646 3900 832 3970 φησὶν,
874 3897 1084 3953 Ἰακὼϐ
1111 3898 1229 3952 ἀπὸ
1258 3897 1367 3955 τοῦ
1383 3897 1637 3968 φρέατος
1652 3896 1759 3952 τοῦ

164 3985 376 4064 ὅρκου,
406 3983 505 4036 καί
525 3982 820 4051 ἐπορεύθη
872 3984 961 4047 είς
1004 3979 1261 4049 Χαρρὰν,
1304 3982 1401 4035 καί
1444 3980 1759 4049 ἀπήντησε

163 4073 357 4135 τόπῳ,
398 4069 495 4123 καί
526 4069 815 4138 ἐκοιμήθη
844 4068 1010 4122 ’ἐκεῖο
1047 4068 1156 4122 ἔδυ
1188 4068 1301 4138 γὰρ
1341 4070 1374 4122 ό
1423 4068 1627 4135 ἥλιοςο
1659 4066 1759 4121 καὶ

162 4155 393 4209 ἔλαϐεν
426 4152 547 4207 ἀπὸ
572 4151 692 4205 τῶν
705 4152 892 4205 λίθων
917 4150 1025 4205 τοῦ
1052 4151 1263 4215 τόπου,
1287 4149 1385 4204 καί
1410 4150 1590 4219 ἔθηκε
1610 4149 1760 4220 πρὸς

164 4235 494 4307 κεφαλὴνι)
517 4233 727 4300 αὑτοῦ,
753 4234 852 4288 καὶ
885 4233 1171 4303 ἐκοιμήθη
1197 4233 1269 4287 ἐν
1289 4233 1370 4299 τῷ
1390 4233 1573 4297 τόπῳ.
1602 4229 1760 4298 Εἶδες

164 4323 383 4391 ἄφατον
417 4316 738 4388 φιλοσοφίαν
757 4333 773 4381 ;
793 4312 935 4380 εἶδες
962 4316 1081 4381 πῶς
1108 4318 1157 4370 οί
1190 4316 1413 4370 παλαιοὶ
1430 4316 1759 4388 τὰςλόδοιπο-

170 4405 301 4477 ρίας
324 4400 632 4465 ἐποιοῦντο;
666 4398 819 4472 [527]
850 4400 1012 4471 Ἀνὴρ
1049 4401 1108 4453 ἐν
1135 4399 1285 4471 οἰκίᾳ
1310 4401 1540 4469 τραφεὶς
1574 4400 1761 4470 (πάλιν

164 4487 286 4557 γάρ
328 4485 397 4538 τά
428 4483 570 4537 αὐτά
611 4482 779 4556 ἐρῶ),
810 4482 1079 4553 τοσαύτης
1111 4481 1428 4545 ἀπολαύσας
1465 4483 1762 4557 θεραπείας

166 4553 544 4642 ("lt-warm
570 4553 702 4636 γάρ,
726 4553 926 4636 φησὶν,
963 4563 1142 4619 οίκῶν
1185 4565 1426 4633 οὶκίαν).
1460 4553 1762 4637 ἀποδημεῖν

170 4652 391 4725 μέλλων
426 4650 526 4720 οὑχ
560 4648 870 4718 ὑποζυγίων
906 4647 1128 4719 ἐδεήθη,
1168 4648 1271 4701 οὑκ
1296 4647 1627 4713 ἀκολούθων,
1661 4650 1764 4704 οὐκ

166 4735 426 4805 ἐφοδίων·
472 4734 589 4788 ἀλλ’
617 4732 977 4788 ἀποστολικὸν
1012 4732 1114 4803 ἠδη
1157 4731 1493 4802 μιμούμενος
1536 4733 1761 4803 τρόπον,
1820 4740 1825 4743 “

164 4818 352 4880 οὕτως
369 4816 573 4886 ἥπτετο
592 4816 695 4886 τῆς
713 4814 856 4869 ὁδοῦ.
878 4816 989 4868 Kal
1008 4814 1198 4886 ἐπειδὴ
1228 4818 1257 4868 6
1288 4814 1460 4885 ἥλιος,
1487 4816 1675 4884 φησὶν,
1693 4811 1763 4886 ἦν

167 4900 314 4972 πρὸς
328 4898 559 4970 δυσμὰς,
582 4898 709 4952 ἔνθα
731 4897 1069 4971 κατελήφθη,
1090 4900 1209 4953 ἐκεῖ
1227 4897 1504 4956 ἐκάθευδε.
1531 4898 1762 4966 Λαϐὼν,

167 4984 333 5053 φησὶ,
358 4983 533 5036 λίθον
557 4983 740 5051 ἔθηκε
768 4983 918 5051 πρὸς
946 4982 1224 5053 κεφαλὴν
1258 4980 1465 5037 αὑτοῦ.
1502 4981 1643 5054 Ὅρα
1668 4980 1763 5035 τοῦ

165 5067 367 5131 παιδὸς
403 5068 503 5137 τὴν
535 5066 783 5138 ἀνδρείαν
810 5082 825 5096 ’
866 5066 945 5136 τῷ
990 5066 1123 5137 λίθῳ
1166 5065 1288 5121 ἀντὶ
1320 5065 1763 5137 προσκεφαλαίου

166 5151 473 5222 ἐχρήσατο,
508 5150 603 5202 καὶ
621 5150 714 5202 ἐπὶ
748 5146 845 5202 τοῦ
875 5150 1106 5219 ἐδάφους
1147 5148 1425 5202 ἐκάθευδε.
1446 5148 1544 5201 Διά
1570 5148 1762 5219 τοῦτο,

165 5233 366 5303 ἐπειδὴ
394 5232 682 5302 φιλόσοφον
710 5227 825 5302 εἶχε
853 5232 1051 5303 ψυχὴν,
1094 5233 1188 5286 καὶ
1219 5232 1477 5303 φρόνημα
1497 5231 1762 5303 ἀνδρεῖον,

165 5318 274 5371 καὶ
303 5316 486 5386 πάσης
518 5316 818 5385 φαντασίας
848 5315 1107 5385 βιωτικῆς
1147 5315 1487 5386 ἀπήλλακτο,
1527 5315 1620 5368 καὶ
1666 5314 1767 5385 τῆς

164 5400 355 5468 ὅψεως
392 5398 608 5469 ἐκείνης
636 5397 843 5470 ἠξιώθη
870 5397 970 5469 τῆς
1003 5396 1348 5469 θαυμαστῆς.
1379 5397 1636 5461 Τοιοῦτος
1654 5397 1766 5468 γὰρ

162 5485 202 5537 ὁ
227 5480 560 5551 Δεσπότηςὸ
610 5481 911 5553 ἡμέτερος·
951 5481 1171 5537 ἐπειδὰν
1221 5480 1307 5553 ιδῃ
1340 5481 1523 5552 ψυχὴν
1562 5480 1766 5549 εὐγνώ-

171 5582 341 5637 μονα,
374 5564 470 5617 καὶ
508 5563 616 5617 τῶν
636 5565 919 5636 παρόντων
941 5565 1002 5617 οὑ
1034 5564 1201 5617 πολὺν
1233 5564 1558 5634 ποιουμένην
1586 5563 1763 5632 λόγον,

168 5647 386 5719 πολλὴν
403 5648 533 5719 περὶ
551 5648 722 5718 αὐτὴν
752 5648 853 5719 τὴν
866 5649 1073 5701 οἰκείαν
1094 5648 1462 5701 ἐπιδείκνυται
1482 5646 1761 5716 πρόνοιαν.

248 5733 293 5786 δ’
304 5772 320 5787 .
354 5732 499 5803 Ὅρα
522 5732 703 5787 τοίνυν
739 5732 833 5786 τὸν
852 5731 1061 5786 δίκαιον
1087 5732 1276 5787 τοῦτον
1307 5731 1399 5785 ἐπὶ
1419 5730 1512 5783 τοῦ
1535 5728 1765 5798 ἐδάφους

174 5817 461 5886 κείμενον,
516 5816 609 5868 καὶ
632 5814 894 5870 ὀπτασίαν
926 5815 1160 5886 ὁρῶντα,
1195 5814 1394 5886 μᾶλλον
1435 5812 1493 5867 δὲ
1534 5813 1631 5885 τῆς
1674 5811 1768 5866 τοῦ

244 5910 275 5941 ⁸
298 5908 446 5957 Cois].
468 5921 619 5968 συναγ

619 5906 755 5968 ωγαὶ.
766 5941 797 5956 ..
805 5906 1153 5968 ἐξελεύσονται.

244 5968 277 6011 ι
298 5968 505 6030 Septem
530 5966 629 6017 msh
671 5966 723 6018 ει
749 5966 871 6019 Bibl.
896 5969 1012 6030 πρὸς
1034 5968 1258 6033 κεφαλῆς.

1158 307 1229 366 IN
1267 308 1421 366 CAP.
1461 303 1655 363 XXVII
1683 300 1933 361 GENES.
1971 298 2211 356 IIOMIL.
2243 294 2380 354 LIV.

3282 292 3394 348 476

1837 416 1972 471 Θεοῦ
1997 414 2261 478 ὀπτασίας
2291 412 2631 482 ἀξιούμενον.
2666 407 3074 476 Ἐνυπνιὰσθη
3105 407 3234 478 γάρ,
3258 406 3415 475 φησι,

1836 499 1936 553 καί
1966 498 2094 552 ίδοὺ
2125 496 2349 567 aut!”wa
2384 491 2461 565 ἦν
2497 492 2892 563 ἐστηριγμένη
2925 492 2996 544 ἐν
3016 508 3090 561 ττι
3138 488 3240 560 Τᾶν
3272 485 3350 557 ἧς
3375 490 3416 557 ἦ

1835 580 2067 651 κεφαλὴ
2091 579 2397 649 ἀφικνεῖτο
2422 580 2507 643 είς
2533 577 2639 630 τὸν
2664 577 2942 643 οὐρανὸν,
2959 574 3057 627 καὶ
3090 575 3144 627 οί
3174 572 3418 642 ἄγγελοι

1834 665 1941 719 τοῦ
2003 664 2151 717 Θεοῦ
2180 661 2497 716 ἀνέϐαινον
2527 659 2626 714 καί
2663 659 3013 713 κατέϐαινον
3062 654 3155 709 ἐπ’
3200 653 3413 720 αὐτῆς.

1846 747 1912 799 ’0
1950 744 2018 797 δὲ
2054 745 2274 811 Κύριος
2337 742 2657 810 ἐστήρικτο
2707 742 2801 793 ἐπ’
2828 736 3036 807 αὐτῆς,
3079 736 3176 791 καί
3210 731 3416 789 aliter"

1851 827 1995 897 Ἐγὼ
2020 828 2053 880 6
2084 827 2228 891 Θεὸς
2260 825 2515 893 Ἀϐραὰμ
2536 823 2642 878 τοῦ
2666 822 2888 891 πατρός
2909 837 3045 884 σου,
3077 819 3175 872 καὶ
3202 821 3236 872 ό
3274 816 3418 883 Θεὸς

1848 908 2086 964 Ἰσαάκ’
2123 907 2209 977 μὴ
2245 907 2451 977 φοϐοῦ.
2479 906 2589 960 Θέα
2619 923 2708 976 μοι
2733 903 2968 959 ἐνταῦθα
2997 901 3091 957 τοῦ
3115 899 3420 972 φιλανθρώ-

1837 1010 1942 1046 που
1973 991 2109 1045 Θεοῦ
2158 991 2260 1061 τὴν
2296 989 2739 1059 ὑπερϐάλλουσαν
2792 985 3140 1057 κηδεμονίαν.
3202 982 3419 1053 Ἐπειδὴ

1835 1076 1944 1146 γάρ
1966 1073 2111 1144 ἐώρα
2151 1072 2293 1126 κατὰ
2326 1073 2423 1142 τὴν
2471 1070 2779 1141 συμϐουλὴν
2814 1070 2916 1139 τῆς
2959 1066 3172 1140 μητρὸςΔ
3200 1066 3287 1119 διὰ
3328 1066 3419 1119 τὸν

1836 1158 1932 1212 τοῦ
1959 1155 2192 1226 ἀδελφοῦ
2217 1156 2380 1226 φόϐον
2400 1155 2498 1226 τὴν
2514 1154 2824 1224 ἀποδημίαν
2851 1150 3305 1222 καταδεξάμενον,
3326 1152 3420 1203 καὶ

1838 1240 2086 1307 καθάπερ
2102 1239 2309 1309 ἀλήτην
2325 1238 2442 1290 τινὰ
2468 1237 2611 1289 οὑτω
2636 1236 2736 1307 τὴν
2759 1235 2878 1289 ὁδὸν
2910 1235 3233 1304 ποιούμενον
3248 1244 3294 1300 ε,
3325 1233 3421 1285 καὶ

1840 1321 2140 1391 οὐδαμόθεν
2168 1320 2424 1392 οὐδεμίαν
2459 1320 2650 1389 ἔχοντα
2689 1318 3060 1388 παραμυθίαν,
3089 1315 3223 1369 ἀλλά
3238 1316 3296 1368 τὸ
3312 1316 3421 1368 πᾶν

1840 1406 1932 1459 ἐπὶ
1955 1405 2054 1476 τὴν
2093 1392 2299 1457 ἄνωθεν
2348 1403 2667 1473 συμμαχίαν
2715 1398 3111 1472 ἐπιρῤίψαντα,
3162 1398 3323 1461 εὐθὺς
3359 1400 3419 1450 ἐν

1839 1486 2144 1558 προοιμίοις
2173 1486 2271 1553 τῆς
2312 1485 2432 1537 ὁδοῦ
2458 1484 2726 1555 νευρῶσαι
2768 1483 2933 1536 αὑτοῦ
2961 1483 3061 1552 τὴν
3113 1481 3422 1552 προθυμίαν

1842 1570 2163 1640 βουλόμενος
2191 1566 2532 1637 ἐπιφαίνεται
2565 1566 2729 1637 αὐτῷ.
2762 1566 2855 1621 καί
2889 1583 3054 1635 φησιν
3079 1581 3094 1596 ·
3136 1562 3282 1632 Ἐγώ
3308 1564 3423 1632 είμι

1840 1656 1873 1706 ὁ
1903 1654 2049 1719 Θεὸς
2093 1651 2373 1720 Ἀϐραὰμ,
2414 1650 2513 1704 καί
2560 1654 2593 1704 ό
2621 1650 2764 1716 Θεὸς
2822 1648 3028 1704 Ἰσαὰκ
3055 1646 3163 1701 τοῦ
3200 1648 3423 1714 πατρός

1839 1748 1976 1790 σου.
2016 1735 2129 1789 Kal
2150 1734 2241 1787 τὸν
2266 1732 2612 1805 πατριάρχην
2638 1733 2732 1785 καὶ
2758 1731 2850 1785 τὸν
2885 1732 3096 1802 πατέρα
3120 1729 3211 1784 τὸν
3234 1728 3327 1782 σὺν
3343 1730 3422 1791 είς

1838 1817 2104 1888 τοσαύτην
2129 1816 2430 1887 αὐξηθῆναι
2460 1815 2816 1886 περιφάνειαν
2857 1815 3135 1885 πεποίηκα
3156 1827 3174 1843 °
3218 1812 3292 1882 μὴ
3314 1811 3425 1864 τοί-

1840 1918 1937 1955 νυν
1963 1899 2152 1971 φοϐοῦ,
2179 1899 2317 1955 ἀλλὰ
2339 1899 2558 1952 πίστευε
2589 1900 2671 1953 ὅτι
2697 1897 2829 1966 ἐγὼ,
2859 1901 2887 1951 6
2909 1898 3135 1960 ἐκείνοις
3164 1895 3263 1958 τὰς
3291 1896 3425 1948 ὑπο-

1845 1984 2058 2056 σχέσεις
2073 1982 2389 2055 πληρώσας,
2414 1984 2510 2036 καὶ
2534 1981 2592 2034 σέ
2624 1983 2722 2052 τῆς
2749 1982 2887 2053 ἐμῆς
2908 1979 3124 2045 ἀξιώσω
3147 1979 3422 2049 προνοίας.

1842 2072 1930 2145 Μὴ
1953 2057 2045 2128 οὖν
2078 2072 2265 2142 φοϐοῦ,
2296 2071 2435 2127 ἀλλά
2490 2070 2702 2143 θάρσει,
2744 2072 2839 2124 καὶ
2878 2072 3055 2123 πᾶσαν
3082 2069 3280 2124 δειλίαν
3315 2068 3418 2122 άπ-

1844 2156 2125 2227 ωσάμενος
2151 2156 2372 2209 πίστευε
2394 2156 2507 2217 τοῖς
2545 2154 2670 2224 παρ’
2690 2154 2823 2221 ἐμοῦ
2843 2171 2922 2207 σοι
2950 2152 3279 2220 λεγομένοις.
3314 2152 3422 2204 Kal

1845 2245 1955 2315 γὰρ
1976 2243 2092 2312 τὴν
2121 2242 2258 2313 γῆν,
2278 2244 2372 2313 ἐφ’
2392 2236 2432 2314 ᾖ
2462 2243 2542 2295 σὺ
2560 2240 2886 2306 καθεύδεις,
2912 2242 3008 2295 σοί
3036 2240 3207 2293 δώσω
3232 2238 3428 2307 αὐτὴν

1846 2327 1945 2380 καί
1984 2324 2063 2390 τῷ
2100 2324 2396 2394 σπέρματί
2430 2339 2567 2388 σου,
2602 2323 2698 2377 καί
2730 2323 2903 2378 ἔσται
2939 2322 3007 2376 τὸ
3040 2323 3278 2391 σπέρμα
3308 2335 3426 2376 σον

1846 2408 1925 2488 ᾡς
1948 2408 1986 2475 ἡ
2016 2406 2209 2477 ἅμμος
2250 2406 2362 2475 τῆς
2394 2406 2732 2473 θαλάσσης.
2785 2405 2877 2476 Μὴ
2917 2406 3141 2476 νομίσῃς
3163 2445 3177 2467 ,
3221 2404 3386 2473 φησὶν
3410 2443 3425 2466 ,

1847 2496 2032 2566 ἐπειδὴ
2056 2496 2148 2548 ἐπὶ
2173 2495 2270 2566 τῆς
2296 2495 2580 2566 ἀλλοτρίας
2603 2494 2697 2547 νῦν
2731 2493 2956 2566 πορεύῃ,
2976 2490 3426 2563 ἀπεστερῆσθαιά

1846 2581 1946 2652 τῆς
1983 2580 2088 2650 γῆς
2121 2579 2349 2649 ταύτης,
2391 2578 2520 2631 ἔνθα
2555 2577 2800 2648 ἐτέχθης,
2836 2578 2963 2630 ἔνθα
3001 2576 3262 2648 ἐτράφης,
3301 2574 3429 2629 ἔνθα
3462 2622 3465 2625 .

1847 2663 2108 2736 ηὐξήθης.
2132 2663 2242 2715 Καὶ
2265 2663 2372 2734 γάρ
2390 2662 2472 2715 σοὶ
2488 2662 2657 2733 αὐτὴν
2675 2660 2914 2732 παρέξω,
2933 2661 3026 2713 καὶ
3047 2659 3125 2729 τῷ
3154 2658 3430 2730 σπέρματί

1851 2766 1966 2812 σου,
1987 2748 2121 2818 ὅπερ
2136 2747 2210 2810 ώς
2222 2746 2320 2817 τὴν
2336 2748 2412 2816 ἄμ
2420 2764 2519 2815 μον
2532 2745 2633 2816 τῆς
2650 2744 2925 2813 θαλάσσης
2942 2742 3240 2813 αὐξηθῆναι
3255 2759 3431 2813 παρα-

1851 2829 2123 2892 σκευάσω,
2146 2829 2255 2884 Καί
2279 2827 2765 2895 πλατυνθήσεται
2786 2829 2934 2896 πρὸς
2952 2825 3292 2888 θάλασσαν,
3329 2824 3430 2877 καί

1848 2918 2006 2978 λίϐα,
2028 2914 2865 2983 καίβοῤῥᾶν,καὶὰνατο,ιάςσ
2907 2914 3028 2967 ἀντὶ
3063 2911 3183 2976 τοῦ,
3223 2927 3456 2965 πάντα-4

1850 3000 1946 3071 χοῦ
1968 2998 2364 3069 ἐκταθήσεται’
2408 2998 2517 3051 Kal
2548 2995 3164 3067 Ἱιιένευλογνηθήσονται
3215 2995 3286 3048 ἐν
3327 2994 3428 3047 σοὶ

1850 3083 2039 3138 πᾶσαι
2055 3085 2116 3136 al
2131 3079 2322 3151 φυλαί
2336 3080 2447 3149 τῆς
2462 3078 2595 3150 γῆς,
2614 3080 2713 3132 καί
2756 3079 2826 3132 ἐν
2844 3076 2923 3143 τῷ
2953 3078 3251 3146 σπέρματί
3288 3092 3427 3131 σου.

1923 3166 2069 3235 Ὅρα
2108 3164 2224 3228 πῶς
2294 3163 2396 3235 ἤδη
2461 3163 2638 3216 πάντα
2700 3162 2850 3232 αὐτῷ
2911 3161 2982 3216 τά
3044 3162 3184 3230 μετὰ
3264 3160 3431 3213 πολὺν

1852 3247 2086 3319 ἐσόμενα
2142 3246 2335 3318 χρόνον
2381 3246 2596 3316 μηνύει.
2664 3243 2820 3298 Οὑτω
2865 3244 2973 3315 γάρ
3028 3243 3147 3306 ἔθος
3192 3241 3270 3313 τῷ
3323 3241 3431 3296 τῶν

1852 3331 1988 3384 ὅλων
2042 3328 2291 3400 Δεσπότῃ
2342 3327 2427 3397 ἐφ’
2485 3328 2716 3401 ἑκάστου
2767 3324 2915 3380 ¹τῶν
2998 3325 3222 3379 δικαίων
3274 3324 3433 3378 τοῦτο

1855 3415 2064 3465 ποιεῖν’
2113 3410 2491 3480 ὑπισχνεῖσθαι
2539 3410 2659 3479 μὲν,
2714 3413 2787 3480 μὴ
2843 3408 3184 3481 παραχρῆμα
3238 3406 3294 3460 δὲ
3332 3406 3433 3472 τὰς

1856 3494 2178 3564 ὑποσχέσεις
2207 3494 2287 3555 είς
2308 3491 2467 3564 ἔργον
2498 3492 2671 3560 ἄγειν,
2711 3491 2846 3545 ἀλλὰ
2881 3492 3177 3562 γυμνάζειν
3208 3490 3316 3543 τῶν
3353 3491 3434 3544 δι-

1857 3578 2027 3631 καίων
2053 3576 2152 3648 τὴν
2184 3574 2429 3645 ὑπακοὴν
2468 3576 2560 3627 καὶ
2582 3576 2681 3644 τὴν
2704 3573 2902 3645 πολλὴν
2942 3574 3247 3645 ὑπομονὴν,
3278 3575 3432 3647 [528]

1856 3660 1953 3712 καὶ
1986 3656 2130 3711 οὑτω
2175 3656 2313 3728 μετὰ
2355 3655 2558 3726 πολλῆς
2606 3655 2704 3726 τῆς
2757 3656 3034 3725 δαψιλείας
3080 3655 3320 3726 πληροῦν
3366 3658 3434 3708 τά

1859 3739 2280 3810 ἐπαηελθέντα.
2303 3734 2436 3792 Εἶτα
2474 3738 2660 3810 ἐπειδὴ
2705 3738 2971 3809 ὑπέσχετο
3008 3737 3157 3808 αὐτῷ
3188 3738 3256 3791 τά
3304 3737 3434 3813 μέλ-

1858 3825 2018 3879 λοντα
2034 3818 2357 3892 μτάταῦτα
2382 3821 2725 3893 γενήσεσθαι,
2762 3822 2933 3875 ἐδεῖτο
2959 3822 3016 3876 δὲ
3059 3823 3087 3874 6
3125 3822 3331 3886 δίκαιος
3371 3823 3433 3875 οὑ

1858 3910 1959 3978 τῆς
1976 3906 2245 3977 τυχούσης
2265 3904 2664 3976 παρακλήσεως
2691 3904 2785 3958 καὶ
2814 3905 2873 3960 ἐν
2891 3907 3009 3967 τοῖς
3028 3904 3176 3975 αὑτῷ
3198 3906 3435 3974 μάλιστα

1860 3987 2263 4060 προκειμένοιςο
2294 3987 2396 4056 ὅρα
2429 3986 2519 4040 τὸν
2543 3987 2748 4056 ἀγαθὸν
2780 3986 3076 4059 Δεσπότην,
3095 3988 3213 4050 πῶς
3246 3989 3337 4042 καὶ
3368 3990 3438 4042 τά

1864 4071 2122 4143 μέλλοντα
2173 4070 2532 4140 ὑπισχνεῖται,
2583 4069 2677 4122 καὶ
2728 4069 2796 4123 δι’
2839 4063 2914 4123 ὧν
2959 4070 3054 4123 νῦν
3098 4070 3234 4142 πρὸς
3275 4072 3438 4124 αὑτὸν

1859 4155 2244 4219 ἐπιδείκνυται,
2261 4153 2389 4224 περὶ
2416 4153 2641 4207 ἐκείνων
2660 4152 2884 4226 θαρῤεῖν
2899 4154 3325 4225 παρασκευάζει.
3345 4157 3438 4226 Μὴ

1860 4238 1970 4310 γάρ
1995 4238 2059 4309 δὴ
2085 4237 2333 4309 νομίσῃς,
2350 4236 2539 4308 φησὶν,
2556 4237 2638 4289 ὅτι
2673 4236 2847 4290 ταῦτα
2877 4238 3015 4307 μόνα
3042 4254 3123 4291 σοι
3147 4238 3440 4308 ὑπισχνοῦ-

1863 4331 1984 4393 μαι,
2012 4321 2148 4376 ἀλλὰ
2172 4321 2267 4374 καὶ⁵
2300 4319 2394 4375 νῦν
2421 4320 2583 4375 Μετὰ
2612 4320 2732 4375 σοῦ
2751 4322 2869 4390 ειμι
2898 4320 3335 4388 διαφυλάσσων
3366 4335 3441 4375 σε

1859 4404 1931 4458 ἐν
1955 4402 2033 4474 τῇ
2052 4403 2169 4469 ὀδῷ
2186 4401 2375 4472 πάσῃ,
2402 4398 2475 4459 οὗ
2498 4403 2607 4458 ἐὰν
2628 4402 2947 4472 πορευθῇς.
2969 4403 3061 4475 Μὴ
3086 4404 3263 4458 τοίνυν
3285 4405 3440 4476 νομί-

1864 4501 1966 4561 σῃς
2000 4487 2159 4559 μόνος
2187 4486 2287 4559 τὴν
2323 4486 2631 4555 ὁδοιπορίαν
2655 4488 2957 4541 ποιεῖσθαι·
2984 4488 3084 4557 ἐμὲ
3139 4487 3280 4552 ἐξεις
3311 4505 3441 4542 συν-

1861 4570 2160 4642 οδοιπόρον,
2188 4569 2289 4641 ἐμὲ
2309 4569 2452 4634 ἐξεις
2483 4569 2699 4639 φύλακα
2725 4572 2784 4625 ἐν
2816 4571 2967 4644 πάσῃ
3002 4570 3125 4641 ὁδῷ,
3145 4572 3320 4626 πάντα
3358 4589 3440 4626 σοι
3468 4610 3475 4617 ς

1861 4651 1933 4708 τὰ
1958 4650 2194 4723 δυσχερῆ
2221 4651 2673 4724 ἐξευμαρίζοντα,
2726 4653 2823 4707 καὶ
2870 4653 2939 4707 τά
2965 4652 3201 4707 δύσκολα
3244 4653 3441 4708 εὔκολα

1863 4736 2360 4800 κατασκευάζοντα.
2385 4731 2524 4789 Εἶτα
2557 4735 2844 4791 ἐπιτείνων
2874 4735 3022 4807 αὐτῷ
3054 4735 3152 4808 τὴν
3182 4754 3440 4808 παραμυ-

1865 4818 2007 4883 θίαν,
2031 4818 2131 4890 ῆδη
2159 4820 2462 4890 προμηνύει
2491 4817 2638 4890 αὑτῷ
2662 4819 2758 4873 καὶ
2784 4818 2881 4891 τὴν
2911 4821 2990 4882 είς
3019 4818 3089 4873 τὰ
3130 4820 3306 4873 οίκεῖα
3345 4822 3445 4872 ἐπο

1866 4902 2191 4957 άνοδον.Καί
2206 4902 2566 4971 ἁποστρέψω
2595 4917 2689 4968 σε,
2710 4903 2895 4973 φησὶν,
2920 4905 3006 4968 είς
3028 4901 3144 4969 τὴν
3161 4902 3279 4971 γῆν
3304 4904 3443 4956 ταύ-

1866 5002 1996 5053 την.
2028 4986 2119 5056 Μὴ
2152 4986 2334 5058 δείσῃς
2348 4986 2423 5049 ὡς
2443 4985 2537 5039 ἐπὶ
2562 4986 2663 5056 τῆς
2693 4984 2979 5056 ἀλλοτρίας
3011 4983 3194 5037 λοιπὸν
3222 4984 3439 5049 διάξων.

1865 5068 1974 5123 Kal
1995 5067 2106 5138 γὰρ
2126 5067 2402 5132 ἐπανάξω
2433 5081 2508 5121 σε
2555 5069 2641 5134 είς
2685 5068 2909 5135 ταύτην
2940 5065 3056 5133 τὴν
3086 5064 3221 5135 γῆν,
3246 5066 3340 5120 καί
3368 5067 3441 5119 οὐ

1859 5151 1945 5219 μή
1971 5167 2045 5204 σε
2084 5150 2480 5221 ἐγκαταλίπω,
2521 5149 2630 5216 ἕως
2682 5149 2789 5203 τοῦ
2839 5148 3091 5215 ποιῆσαί
3126 5167 3202 5217 με
3250 5147 3444 5202 πάντα

1866 5234 1984 5287 ὅσα
2038 5233 2314 5302 ἐλάλησα
2361 5247 2482 5286 σοι.
2536 5233 2611 5286 Οὐ
2668 5231 2998 5304 περιόψομαί
3058 5248 3138 5297 σε,
3190 5233 3351 5303 φησίν
3396 5244 3441 5297 ε,

1867 5316 2002 5369 άλλά
2056 5314 2229 5369 ταῦτα
2291 5315 2467 5369 πάντα
2491 5355 2505 5381 ,
2554 5314 2699 5386 άπερ
2759 5315 3096 5385 ὑπεσχόμην,
3151 5315 3232 5379 είς
3287 5316 3446 5387 ἔργον

1867 5399 2041 5452 ἐλθεῖν
2074 5398 2496 5470 παρασκευάσω.
2528 5398 2655 5461 Πῶς
2688 5397 2753 5451 ἄν
2792 5415 2873 5462 τις
2902 5399 3024 5450 κατ’
3054 5397 3212 5465 ἀξίαν
3241 5399 3446 5455 ἐκπλα-

1867 5482 1990 5552 γείη
2020 5481 2117 5551 τὴν
2172 5483 2379 5551 ἄφατον
2418 5476 2514 5535 τοῦ
2554 5480 2689 5535 Θεοῦ
2735 5480 3165 5551 φιλανθρωπίαν,
3211 5483 3304 5535 καὶ
3350 5482 3449 5553 τὴν

1867 5564 2308 5635 ὑπερϐάλλουσαν
2367 5564 2813 5634 συγκατάϐασιν;
2865 5564 3007 5635 Ὅρα
3070 5565 3235 5621 πόσον
3286 5565 3448 5635 ὄγκον

1932 5660 1955 5688 °
1978 5659 2183 5720 Quidam
2212 5672 2323 5707 mss.
2349 5659 2532 5710 addunt
2552 5659 2633 5708 καὶ
2660 5659 2800 5720 μόνον
2836 5658 3200 5720 ἀπειλημμένον.

1934 5720 1961 5784 (ἢ
1987 5719 2086 5784 Alii
2120 5722 2498 5784 ἀποστερεῖσθαι.

1945 5783 1965 5805 ⁸
2083 5777 2471 5852 περιόψομαί-σε,
2496 5781 2651 5852 φησίν.
2682 5782 2799 5831 Post
2964 5778 3115 5852 Vari}:
3152 5780 3288 5852 aliut!
3306 5777 3449 5852 quid:

1875 5846 2016 5908 piam_
2047 5838 2243 5908 [egi'sse'
2264 5838 2466 5908 videtur'
2502 5838 2768 5905 interpres,
2790 5844 3029 5908 qu__post
3064 5838 3335 5908 haecyerbi
3355 5849 3449 5906 ηριι

1876 5897 2146 5973 ᾃεερὶιξὶαἴη
2166 5910 2227 5962 te,
2249 5905 2440 5973 .adjicil,
2458 5917 2613 5973 n_e_que_
2636 5897 2698 5973 ἰε
2716 5897 2907 5953 εόηὲἱίὶἱ
2921 5897 3297 5973 ’ἱιςορςηιθξὶηαηι
3307 5912 3327 5963 ;
3352 5897 3447 5948 nisi

1876 5962 2004 6018 forte
2034 5967 2141 6017 hec
2164 5967 2359 6028 majoris
2381 5962 2728 6029 expliéationis
2752 5978 2896 6015 causa
2917 5962 3177 6013 addiderit.
