3782 6262
381 238 484 295 ιη

386 352 731 423 ὑποσχέσεων
781 348 1071 419 ἐποιήσατο
1104 345 1240 417 πρὸς
1281 345 1373 398 τὸν
1412 345 1639 406 δίκαιον,
1676 343 1768 397 καὶ
1796 342 1943 405 ὅπως

380 436 549 490 αὐτοῦ
570 434 632 487 τὸ
660 431 912 503 φρόνημα
940 428 1273 497 διανέστησε.
1317 427 1426 479 Καὶ
1474 426 1691 479 ἐπειδάν
1732 424 1946 493 θαυμά-

384 536 485 589 σῃς
520 516 613 571 τοῦ
657 513 790 567 Θεοῦ
824 513 923 582 τὴν
976 508 1400 580 φιλανθρωπίαν,
1430 507 1598 561 ἐννόει
1641 508 1734 561 καὶ
1753 506 1848 559 τοῦ
1867 506 1948 558 δι-

381 602 539 656 καίου
594 596 782 651 τούτου
818 595 914 665 τήν
954 592 1390 662 εὐγνωμοσύνην,
1433 592 1526 646 καὶ
1565 592 1647 644 ὅτι
1693 593 1831 660 μετά
1860 608 1945 643 το·

381 683 587 745 σαύτας
607 678 925 750 ὑποσχέσεις
950 676 1150 728 είκοσιν
1181 675 1315 727 ἐτῶν
1341 674 1572 745 ἀριθμὸν
1598 673 1951 743 ταλαιπωρη-

379 767 491 829 θεὶς
528 763 679 833 παρά
707 761 784 831 τῷ
828 758 1033 820 Λάϐαν,
1079 758 1179 810 οὐκ
1230 757 1607 827 ἐδυσχέρανεν,
1655 758 1756 811 οὐκ
1786 756 1949 827 ἐνάρ-

379 865 514 919 κησε
541 847 676 918 πρὸς
696 845 756 898 τὺ
785 844 955 914 μῆκος
975 841 1068 894 τοῦ
1091 841 1304 911 χρόνου·
1324 840 1461 893 ἀλλά
1487 841 1664 894 πάντα
1685 840 1952 909 γενναίως

379 931 609 1001 ἔφερεν,
670 926 953 997 ἀναμένων
988 925 1095 976 τῶν
1143 924 1486 993 ὑποσχέσεων
1539 922 1601 976 τὸ
1647 924 1819 989 τέλος,
1859 921 1951 976 καὶ

381 1013 533 1074 είδὼς
571 1011 648 1075 ὡς
669 1010 768 1079 οὐχ
793 1003 904 1061 οἷόν
926 1024 985 1061 τε
1019 1006 1086 1059 τὰ
1116 1006 1268 1075 παρὰ
1295 1005 1387 1059 τοῦ
1417 1004 1551 1058 Θεοῦ
1579 1005 1811 1076 ῥηθέντα
1836 1005 1951 1057 δια-

382 1098 591 1160 πεσεῖν,
625 1092 720 1148 καὶ
766 1091 997 1162 μάλιστα
1033 1088 1250 1142 ἐπειδὰν
1280 1089 1442 1159 ήμεῖς
1485 1091 1553 1143 τά
1586 1090 1715 1159 παρ’
1745 1088 1953 1142 ἑαυτῶν

383 1179 718 1246 εἰσενεγκεῖν
749 1171 1270 1243 σπουδάζωμεν,τήν
1292 1173 1495 1237 πίστιν,
1529 1174 1627 1244 τὴν
1654 1172 1949 1243 ὑπομονὴν,

384 1264 445 1316 τὸ
474 1263 587 1323 τοῖς
622 1261 787 1329 μήπω
830 1257 1129 1325 γεγονόσιν,
1182 1254 1400 1307 ἐπειδὰν
1430 1257 1459 1308 δ
1504 1255 1780 1325 Δεσπότης
1818 1254 1952 1306 ὑπό-

387 1361 604 1415 σχηται,
641 1342 716 1404 ὡς
756 1342 859 1412 ήδη
890 1342 968 1403 είς
1012 1340 1170 1409 ἔργον
1204 1337 1479 1401 ἐξελθοῦσι
1509 1338 1750 1410 θαρρεῖν.
1783 1338 1953 1391 Τοῦτο

385 1430 491 1500 7&9
524 1425 739 1497 ἀληθῶς
767 1425 965 1487 πίστις,
995 1422 1057 1474 τὸ
1082 1421 1156 1493 μὴ
1188 1424 1301 1483 τοῖς
1321 1421 1617 1492 ὁρωμένοις
1642 1423 1949 1493 προσέχειν,

388 1513 493 1565 κᾶν
527 1509 743 1562 ἐναντία
831 1507 902 1561 τὰ
929 1507 1186 1575 γινόμενα
1217 1508 1284 1575 τῇ
1330 1505 1641 1574 ὑποσχέσει,
1662 1506 1796 1559 ἀλλὰ
1818 1505 1953 1578 θαρ-

390 1596 503 1665 ρεῖν
536 1594 602 1661 τῇ
626 1591 850 1660 δυνάμει
879 1588 973 1642 τοῦ
1002 1585 1493 1657 ἐπαγγειλαμένου.
1512 1588 1661 1650 Τέως
1676 1588 1733 1641 δὲ
1757 1587 1954 1657 ῖδωμεν

388 1676 482 1730 τοῦ
498 1674 701 1729 δικαίου
723 1672 911 1727 τούτου
933 1671 1031 1740 τὴν
1051 1669 1487 1740 εὐγνωμοσύνην.
1517 1668 1951 1739 Καὶέξηγέρθη,

392 1760 576 1829 φησὶν,
623 1757 834 1811 Ἰακὼϐ
868 1753 985 1808 ἀπὸ
1026 1753 1130 1807 τοῦ
1159 1753 1356 1806 ὕπνου
1394 1749 1601 1818 αὐτοῦ,
1636 1748 1951 1817 καὶεῖπεν,

390 1842 481 1895 ὅτι
524 1840 685 1894 Ἐστι
720 1836 1020 1906 Κύριοςὲν
1057 1834 1137 1901 τῷ
1162 1835 1320 1899 τόπῳ
1347 1834 1553 1900 τούτῳ,
1594 1832 1710 1901 ἐγὼ
1745 1833 1816 1888 δὲ
1843 1838 1955 1890 οὐκ

390 1924 581 1993 ᾔδειν.
620 1924 727 1976 Kal
758 1922 1042 1989 ἐφοϐήθη,
1074 1917 1169 1971 καὶ
1195 1912 1382 1970 εἶπεν·
1401 1915 1494 1982 Ὠς
1515 1917 1766 1985 φοϐερὸς
1802 1921 1835 1971 ό
1862 1919 1957 1972 τό-

389 2024 502 2074 πος
519 2002 843 2072 οὗτος.οὺκ
867 2004 999 2058 ἔστι
1021 2001 1224 2064 τοῦτο,
1253 1999 1393 2055 ἀλλ’
1412 2000 1451 2069 ἢ
1473 1996 1633 2065 οἷκος
1660 2000 1827 2065 Θεοῦ,
1857 2000 1955 2054 καί

389 2091 542 2158 αὕτη
578 2090 615 2157 ἠ
636 2089 800 2153 πύλη
836 2085 942 2139 τοῦ
971 2082 1254 2152 οὐρανοῦ.
1281 2082 1688 2149 Καταπλαγεὶς,
1727 2085 1960 2155 φησὶν,ό

389 2179 616 2238 δίκαιος,
631 2174 728 2245 τήν
748 2172 945 2244 πολλὴν
965 2170 1059 2225 τοῦ
1090 2169 1226 2225 Θεοῦ
1257 2169 1665 2241 φιλανθρωπίαν
1692 2170 1956 2242 ἐφοϐήθη,

392 2261 487 2316 καὶ
518 2254 823 2313 εἶπενοοῠκ
850 2256 982 2309 ἔστι
1002 2255 1178 2308 τοῦτο
1232 2254 1370 2309 ἀλλ’
1397 2255 1435 2321 ἢ
1471 2250 1634 2320 οἶκος
1658 2255 1764 2308 τοῦ
1788 2255 1957 2319 Θεοῦ,

393 2342 491 2398 καὶ
512 2342 662 2408 αὕτη
682 2340 721 2407 ὴ
744 2340 907 2405 πύλη
928 2337 1033 2391 τοῦ
1048 2336 1327 2405 οὐρανοῦ.
1350 2328 1520 2400 Οὗτος
1541 2337 1571 2388 ὁ
1595 2336 1757 2400 τόπος
1776 2337 1962 2394 λοιπὸν

394 2426 518 2497 ἐμοὶ
542 2420 686 2486 οἶκος
720 2420 815 2476 τοῦ
844 2418 979 2473 Θεοῦ
1021 2418 1351 2495 νενόμισται.
1399 2418 1679 2490 Τοσαύτης
1715 2414 1807 2473 οὑν
1835 2421 1959 2474 ὲπι-

394 2509 620 2581 φανείας
643 2506 913 2571 ἀξιωθεὶς,
950 2505 1041 2558 καὶ
1075 2504 1263 2573 αὐτὴν,
1314 2503 1391 2567 ὡς
1420 2505 1616 2566 εἰπεῖν,
1655 2504 1753 2575 τὴν
1785 2503 1961 2573 πύλην

393 2592 489 2646 τοῦ
525 2589 754 2662 οὐρανοῦ
795 2587 1149 2657 θεασάμενος,
1177 2585 1382 2648 δίκαιος
1426 2586 1492 2640 ἂν
1538 2586 1656 2657 είην
1685 2587 1783 2659 τήν
1810 2588 1962 2656 ὀφει-

394 2673 627 2744 λομένην
653 2669 999 2742 εὐχαριστίαν
1031 2670 1339 2737 ἀνενεγκεῖν
1384 2669 1617 2724 ἐνταῦθα
1650 2669 1728 2740 τῷ
1754 2670 1960 2725 Δεσπό-

392 2774 482 2827 τῃ.
523 2755 630 2809 Καὶ
665 2754 890 2822 ἀνέστη
941 2752 1166 2820 Ἰακὼϐ,
1204 2751 1303 2806 καί
1331 2752 1510 2807 ἔλαϐε
1533 2753 1641 2806 τὸν
1663 2754 1855 2818 λίθον,
1887 2752 1962 2807 ὃν

393 2840 521 2908 εἶχε
564 2839 714 2907 πρὸς
758 2836 1032 2906 κεφαλὴν
1069 2836 1277 2903 αὑτοῦ,
1316 2836 1414 2889 καὶ
1461 2836 1726 2904 ἔστησεν
1773 2837 1962 2891 αὐτὸν

394 2921 656 2989 στήλην,
676 2919 772 2973 καὶ
794 2919 1040 2989 ἐπέχεεν
1070 2919 1277 2974 ἔλαιον
1304 2918 1401 2973 ἐπὶ
1436 2917 1501 2979 τὸ
1531 2917 1717 2987 ἄκρον
1748 2919 1960 2987 αὐτῆς.

394 3005 505 3060 Kal
539 3002 834 3058 ἐκάλεσεν
868 3003 1077 3066 Ἰακὼϐ
1101 3003 1169 3056 τὸ
1220 3002 1407 3071 ὄνομα
1450 3002 1554 3057 τοῦ
1592 3003 1778 3057 τόπου
1805 3004 1961 3057 ἐκεί-

393 3105 527 3151 νου,
564 3082 736 3152 Οἳκος
761 3085 930 3139 Θεοῦ.
962 3086 1211 3154 Ἕτερον
1238 3083 1347 3153 γὰρ
1373 3081 1452 3155 ἦν
1482 3084 1669 3155 ὄνομα
1701 3083 1780 3151 τῷ
1803 3088 1964 3154 τόπῳ

393 3172 461 3223 τὸ
489 3170 791 3239 πρότερον.
832 3169 1047 3240 Ἐπειδὴ
1071 3166 1322 3239 μεγάλων
1356 3166 1563 3238 ήξιώθη
1593 3167 1842 3241 διὰ[529]
1863 3168 1964 3239 τῆς

394 3251 684 3316 ὀπτασίας,
709 3254 777 3323 τῇ
806 3249 1147 3323 προσηγορία
1182 3249 1281 3321 τήν
1313 3254 1531 3321 μνήμην
1554 3251 1965 3305 ἐναποτίθεσθαι

398 3333 644 3405 βούλεται
675 3333 753 3404 τῷ
776 3332 945 3403 τόπῳ,
978 3333 1072 3386 καὶ
1096 3332 1364 3403 ἐπίσημον
1380 3333 1457 3395 είς
1486 3331 1545 3387 τὸ
1573 3331 1699 3403 ἑξῆς
1725 3334 1964 3403 ἐργάσα-

399 3417 542 3470 σθαι.
569 3416 680 3471 Καὶ
712 3416 803 3471 τὸν
830 3415 979 3468 λίθον
1007 3414 1129 3468 ἀντὶ
1154 3413 1252 3483 τῆς
1294 3414 1493 3486 στήλης
1524 3416 1746 3486 στήσας,
1778 3419 1871 3471 καὶ
1905 3417 1966 3470 τὸ

397 3499 573 3553 ἔλαιον
597 3499 823 3570 ἐπιχέας
856 3496 1033 3568 (τοῦτο
1061 3495 1170 3568 7&9
1204 3495 1367 3549 αὐτὸν
1399 3496 1558 3567 μόνον
1592 3498 1737 3562 είκδς
1773 3499 1967 3570 ἐπιφέ-

398 3584 611 3654 ρεσθαι,
645 3584 741 3638 ἆτε
761 3581 933 3645 οὑτως
953 3578 1379 3650 ὁδοιποροῦντα),
1411 3579 1575 3651 εὐχήν
1604 3583 1870 3651 προσάγει
1890 3582 1967 3656 τῷ

397 3666 763 3738 φιλανθρώπῳ
789 3664 908 3736 Θεῷ
935 3663 1113 3735 πάσης
1147 3662 1423 3734 γέμουσαν
1454 3661 1790 3733 φιλοσοφίας.

468 3777 529 3825 ε’.
565 3771 676 3826 Καὶ
702 3773 752 3826 εί
782 3770 1057 3841 βούλεσθε,
1091 3770 1187 3823 καὶ
1216 3768 1394 3822 αὐτῶν
1428 3768 1822 3840 ἐπακούσωμεν
1860 3770 1969 3824 τῶν

401 3856 678 3927 ῥημάτων.
710 3856 945 3921 Ηῠξατο
974 3854 1101 3925 7&9.
1132 3852 1318 3924 φησὶν,
1348 3852 1560 3921 εὐχὴν,
1588 3852 1803 3921 λέγων·
1830 3854 1970 3909 Ἐὰν

396 3934 438 4009 ᾖ
467 3941 681 4006 Κύριος
705 3941 737 3992 ὀ
773 3938 917 4004 Θεὸς
941 3940 1069 4007 μετ’
1098 3936 1265 4005 ἐμοῦ,
1292 3934 1391 3989 καί
1430 3934 1674 4003 φυλάξῃ
1698 3952 1774 4004 με
1798 3936 1868 3990 ἐν
1894 3934 1972 4005 τῇ

399 4020 518 4087 ὀδῷ
539 4022 745 4089 ταύτῃ,
778 4015 818 4091 ᾖ
856 4020 972 4088 ἐγὼ
1022 4020 1364 4086 πορεύομαι.
1408 4018 1625 4087 Ἐπειδὴ
1677 4012 1859 4081 εἶπεν,
1888 4020 1970 4073 ὅτι

412 4106 552 4172 Ἐγώ
575 4106 691 4171 εἰμι
712 4102 861 4171 μετὰ
898 4101 1035 4163 σοῦ,
1062 4100 1159 4153 καὶ
1187 4099 1536 4167 διαφυλάξαι
1554 4117 1629 4154 σε
1646 4101 1717 4153 ἐν
1735 4101 1809 4169 τῇ
1829 4101 1967 4168 ὀδῷ,

397 4179 437 4256 ᾖ
466 4185 575 4239 ἐὰν
597 4184 842 4251 πορεύῃο
860 4182 947 4235 διὰ
970 4181 1127 4235 τοῦτο
1157 4182 1250 4235 καὶ⁸
1276 4181 1435 4245 αὐτός
1465 4199 1628 4252 φησιν
1647 4199 1662 4213 ·
1690 4181 1753 4235 Εί
1786 4184 1973 4240 ἐκεῖνά

403 4285 494 4339 μοι
526 4265 779 4337 ὑπάρξει,
825 4264 967 4333 άπερ
1015 4280 1106 4333 μοι
1157 4263 1414 4333 ὑπέσχου.
1462 4259 1597 4317 Εἶτα
1635 4266 1728 4319 καὶ
1756 4268 1971 4337 αἴτησιν

396 4350 605 4404 οἴκοθεν
624 4346 941 4420 προσφέρει,
960 4346 1150 4415 λέγων,
1188 4340 1319 4400 Ἐὰν
1330 4344 1412 4410 δῷ
1434 4363 1535 4415 μοι
1554 4349 1768 4415 Κύριος
1789 4350 1972 4418 ἄρτον

400 4432 502 4485 καὶ
530 4429 765 4499 ἱμάτιον
786 4429 1228 4497 περιϐαλέσθαι.
1271 4428 1347 4483 Οὐ
1388 4427 1635 4496 πλοῦτον,
1664 4432 1726 4485 οὐ
1753 4449 1971 4504 περιου-

401 4515 525 4567 σίαν
550 4512 671 4567 τινὰ
700 4513 919 4583 ᾔτησεν,
948 4511 1063 4565 ἀλλ’
1096 4512 1260 4584 ἄρτον
1297 4511 1392 4565 καὶ
1422 4514 1736 4582 ίμάτιον,τὸ
1768 4517 1866 4586 μὲν
1890 4518 1971 4581 είς

398 4592 500 4662 τὴν
532 4590 624 4644 τοῦ
676 4590 927 4661 σώματος
960 4589 1272 4661 περιϐολὴν,
1318 4590 1381 4643 τὸ
1410 4590 1464 4644 δὲ
1499 4593 1579 4656 εἰς
1622 4594 1829 4665 τροφὴν
1869 4595 1970 4665 τῆς

399 4670 606 4741 χρείας.
639 4670 835 4724 Σκόπει
859 4668 975 4732 πῶς
1011 4669 1367 4723 ἀποστολικὸν
1406 4672 1733 4742 χαρακτῆρα
1760 4673 1848 4727 διὰ
1872 4674 1970 4745 τῆς

399 4754 664 4824 αἰτήσεως
703 4754 832 4823 ήμῖν
856 4750 1075 4823 ᾐνίξατο
1102 4768 1116 4783 ο
1151 4752 1294 4806 οὕτω
1327 4754 1526 4824 πολλῆς
1549 4754 1714 4824 ἔγεμε
1754 4757 1853 4826 τῆς
1878 4775 1968 4827 φι..

398 4837 649 4906 λοσοφίας
676 4834 769 4889 τοῦ
795 4835 1000 4888 δικαίου
1039 4835 1099 4889 τὸ
1129 4836 1404 4907 φρόνημα.
1434 4837 1611 4906 Ὅπερ
1635 4839 1742 4909 γάρ
1767 4841 1796 4893 ό
1832 4841 1970 4912 Χρι-

400 4923 522 4986 στὸς
556 4921 729 4990 έλεγε,
756 4918 851 4987 Μὴ
894 4919 1205 4987 κτήσησθε
1224 4918 1477 4987 χρυσὸν,
1492 4919 1647 4989 μηδὲ
1664 4922 1966 4991 ἀργύριον,

390 5002 547 5073 μηδὲ
570 5002 680 5057 δύο
708 4998 981 5070 χιτῶνας,
1028 5000 1185 5053 τοῦτο
1210 4996 1364 5064 οὗτος
1409 5001 1620 5055 οὐδέπω
1660 5005 1790 5073 παρ’
1822 5003 1970 5057 οὐδε-

394 5089 481 5151 νὸς
500 5086 787 5158 διδαχθεὶς,
822 5085 934 5139 ἀλλ’
966 5085 1177 5138 οἴκοθεν
1206 5084 1302 5138 καὶ
1332 5085 1397 5138 ἐκ
1420 5085 1514 5139 τοῦ
1549 5085 1868 5153 ἐγκειμένου
1901 5090 1968 5159 τῇ

396 5174 555 5242 φύσει
580 5177 646 5245 τῇ
674 5174 918 5245 ἡμετέρᾳ
940 5172 1258 5226 διδασκάλου
1284 5172 1454 5226 ταῦτα
1481 5171 1690 5242 μαθὼν.
1713 5173 1966 5244 ἐπεζήτει

396 5253 546 5322 παρὰ
566 5253 667 5304 τοῦ
702 5254 972 5306 Δεσπότου
1006 5250 1155 5321 αὐτῷ
1192 5252 1622 5322 παρασχεθῆναι,
1665 5251 1830 5322 ἄρτον
1865 5270 1969 5321 φα-

395 5338 512 5402 γεῖν
544 5336 638 5388 καὶ
677 5335 889 5405 ἱμάτιον
919 5333 1328 5405 περιϐαλέσθαι.
1377 5334 1499 5387 Ἐὰν
1527 5333 1702 5387 ταῦτά
1730 5352 1842 5404 μοι,
1869 5353 1974 5405 φη-

398 5419 503 5482 σὶν,
535 5417 750 5489 ὑπάρξῃ
777 5418 870 5471 ἐπὶ
899 5418 996 5487 τῆς
1027 5417 1333 5489 ἀλλοτρίας,
1369 5416 1478 5472 Kal
1507 5416 1862 5486 ἀποστρέψῃ
1894 5435 1972 5486 με

392 5500 545 5568 μετὰ
602 5501 899 5568 σωτηρίας
948 5502 1035 5566 εἰς
1079 5500 1186 5554 τὸν
1225 5495 1394 5553 οἷκον
1427 5499 1534 5554 τοῦ
1572 5501 1794 5569 πατρός
1828 5518 1969 5570 μου,

400 5581 649 5653 καθάπερ
705 5583 986 5653 ὑπέσχετοο
1045 5583 1155 5636 Καὶ
1217 5582 1388 5636 ἐσται
1439 5582 1654 5650 Κύριος
1696 5582 1826 5652 ἐμοὶ
1883 5585 1971 5649 είς

403 5664 572 5725 θεὸν,
624 5664 722 5716 καὶ
774 5667 808 5717 ό
863 5667 1033 5730 λίθος
1084 5660 1281 5731 οὗτος,
1324 5664 1396 5718 ὃν
1431 5664 1668 5733 ἕστησα
1709 5664 1969 5733 στήλην,

405 5746 575 5797 ἔσται
607 5763 701 5813 μοι
725 5742 889 5810 οἶκος
916 5746 1081 5798 Θεοῦο
1110 5746 1205 5797 καί
1240 5746 1478 5797 πάντων
1497 5740 1583 5798 ὧν
1602 5746 1679 5799 ἄν
1700 5763 1798 5814 μοι
1830 5748 1968 5812 δῷς,

408 5826 668 5896 δεκάτην
695 5827 1121 5881 ἀποδεκατώσω
1148 5827 1298 5881 αὑτά
1318 5842 1434 5881 σοι.
1468 5829 1607 5898 Ὅρα
1639 5828 1733 5882 τοῦ
1764 5828 1969 5883 δικαίου

1090 229 1146 284 S.
1181 225 1463 285 JOANNIS
1494 221 1983 282 CHRYSOSTOMI
2024 217 2347 280 ARCHIEP.
2385 211 2938 275 CONSTANTINOP.

2054 341 2155 411 τὴν
2206 334 2643 406 εὐγνωμοσύνην.
2692 332 2805 403 Τὴν
2849 330 3064 400 αἴτησιν
3126 328 3227 400 μὲν
3280 326 3617 397 αἰτούμενος,

2051 427 2203 481 οὐδὲν
2236 422 2525 484 πολυτελὲς
2560 420 2780 490 αἰτῆσαι
2816 416 3157 483 κατεδέξατο,
3192 416 3307 470 ἀλλ’
3339 418 3506 488 ἄρτον
3533 414 3626 466 καὶ

2056 517 2288 589 ἱμάτιον·
2319 511 2747 583 ὑπισχνούμενος
2784 510 2840 563 δὲ
2865 509 2934 563 τά
2953 509 3080 579 παρ’
3111 507 3303 561 ἐαυτοῦ
3328 508 3405 579 τῷ
3424 506 3629 560 Δεσπό-

2052 620 2143 676 τῃ,
2175 600 2330 665 εἰδὼς
2378 601 2542 653 αὐτοῦ
2563 601 2625 653 τὸ
2664 599 2942 668 φιλότιμον
2970 599 3029 649 ἐν
3068 600 3191 663 ταῖς
3240 597 3495 667 δωρεαῖς,
3536 594 3626 647 καὶ

2052 677 2138 741 ὃὲι
2204 684 2519 756 ὑπερϐαίνει
2579 685 2698 745 ταῖς
2756 682 3056 734 ἀντιδόσεσι
3109 680 3209 744 τὰς
3263 679 3469 741 ἐννοίας
3513 676 3629 756 ⁸τάς

2056 754 2352 838 ἡμετέρας,
2390 766 2542 836 φησί·
2590 765 2700 820 Καὶ
2741 764 2840 834 τήν
2881 762 3085 833 στήλην
3124 763 3327 833 ταύτην
3356 762 3436 824 είς
3480 754 3630 812 οἶκον

2054 849 2190 904 Θεοῦ
2220 849 2351 916 ἐξω,
2374 850 2471 903 καὶ
2497 850 2714 904 πάντων
2741 847 2850 900 τῶν
2880 846 3031 918 παρὰ
3061 844 3154 899 σοῦ
3178 863 3269 915 μοι
3290 840 3629 915 χορηγουμέ-

2053 951 2158 989 νων
2196 931 2294 995 τάς
2326 932 2555 994 δεκάτας
2587 928 3006 983 ἀποδεκατιὶωω.
3051 923 3202 990 Εἶδες
3228 926 3451 997 γνώμην
3482 923 3630 993 φιλό-

2054 1016 2207 1081 θεον;
2238 1014 2406 1068 Οὔπω
2432 1009 2581 1066 οὐδὲν
2601 1012 2778 1076 ἔλασε,
2808 1012 2901 1065 καὶ
2922 1011 3258 1079 ὑπισχνεῖται
3278 1008 3385 1062 τῶν
3407 1006 3631 1079 μελλόν-

2052 1114 2162 1151 των
2187 1095 2336 1166 αὐτῷ
2370 1094 2607 1149 δίδοσθαι
2639 1095 2738 1159 τὰς
2765 1093 2997 1156 δεκάτας
3028 1092 3108 1163 τῷ
3143 1091 3262 1161 Θεῷ
3295 1090 3627 1161 προσοίσειν.

2240 1178 2449 1244 ἁπλῶς,
2471 1177 2765 1248 ἀγαπητοὶ,
2793 1175 3225 1248 παρατρέχωμεν
3244 1173 3310 1227 τά
3335 1176 3455 1244 είρη
3467 1172 3627 1241 μένα,

2052 1263 2187 1317 ἀλλά
2215 1261 2547 1331 ζηλώσωμεν
2571 1262 2806 1324 ἅπαντες
2832 1258 3018 1312 τοῦτον
3040 1259 3128 1311 τὸν
3152 1257 3375 1319 δίκαιον,
3398 1257 3445 1308 οί
3479 1257 3540 1307 ἐν
3558 1258 3630 1325 τῇ

2054 1346 2237 1415 χάριτι
2266 1344 2358 1396 τὸν
2386 1343 2494 1411 πρὸ
2522 1342 2614 1395 τοῦ
2643 1343 2828 1413 νόμου,
2852 1343 2945 1395 καὶ
2979 1341 3141 1412 μηδὲν
3182 1339 3428 1410 βιωτικὸν
3459 1338 3626 1392 αἰτῶ-

2057 1444 2157 1497 μεν
2197 1425 2349 1498 παρά
2385 1424 2479 1478 τοῦ
2526 1425 2816 1478 Δεσπότου.
2864 1423 3000 1477 Οὐδὲ
3056 1422 3164 1493 7&9
3211 1424 3490 1493 περιμένει
3530 1420 3627 1490 τὴν

2054 1510 2183 1579 παρ’
2205 1509 2363 1580 ήμῶν
2386 1508 2709 1580 ὑπόμνησιν,
2740 1506 2878 1562 ἀλλά
2899 1508 3002 1562 κᾶν
3027 1507 3100 1578 μή
3122 1506 3380 1577 αἰτῶμεν,
3398 1507 3531 1576 ήμῖν
3559 1503 3628 1557 τὰ

2055 1592 2192 1664 πρὸς
2208 1591 2311 1662 τήν
2331 1591 2517 1663 χρείαν
2535 1592 2812 1662 δωρεῖται.
2844 1590 3183 1644 ’.ἀνατέλλει
3204 1589 3311 1658 γὰρ
3325 1588 3429 1641 τὸν
3446 1586 3628 1653 ἣλιον

2054 1677 2153 1729 ἐπὶ
2203 1674 2505 1742 πονηροὺς
2548 1675 2646 1729 καί
2694 1673 2975 1742 ἀγαθοὺς,
3022 1672 3122 1726 καὶ
3152 1672 3359 1741 ,ϐρέχει
3401 1671 3502 1724 ἐπὶ
3539 1670 3627 1723 δι-

2057 1759 2266 1825 καίους
2304 1757 2403 1810 καὶ
2431 1756 2697 1823 ἀδίκους.
2730 1757 2838 1809 Καὶ
2882 1754 3198 1825 πειθώμεθα
3238 1754 3386 1823 αὐτῷ
3427 1769 3627 1824 παραι-

2056 1839 2232 1895 νοῦντι
2261 1840 2357 1894 καὶ
2384 1839 2615 1908 λέγοντι·
2643 1838 2881 1907 Ζητεῖτε
2909 1836 3144 1907 πρῶτον
3166 1836 3279 1902 τὴν
3298 1837 3629 1900 βασιλείαν

2056 1924 2163 1978 τοῦ
2202 1923 2371 1989 Θεοῦ,
2394 1922 2491 1977 καί
2523 1923 2711 1977 ταῦτα
2747 1921 2944 1977 πάντα
2972 1918 3437 1989 προστεθήσεται
3460 1918 3623 1988 ὑμῖν.

2069 2007 2231 2078 Ὁρᾷς
2270 2007 2350 2061 ὅτι
2392 2006 2554 2069 αὐτὸς
2595 2008 2775 2061 ἐκεῖνα
2813 2006 2945 2076 ἡμῖν
2990 2005 3253 2074 ήτοίμασε
3304 2006 3626 2073 παρασχεῖν,

2058 2090 2152 2143 καὶ
2182 2088 2352 2141 ταῦτα
2384 2090 2443 2141 ἐν
2465 2088 2777 2160 προσθήκης
2807 2086 2963 2159 μέρει
2987 2086 3168 2139 δοῦναι
3203 2084 3625 2153 ἐπαγγέλλεταις

2058 2174 2151 2246 Μή
2170 2174 2349 2227 τοίνυν
2374 2174 2517 2246 άπερ
2554 2174 2611 2226 ἐν
2646 2173 2957 2245 προσθήκης
2991 2172 3146 2243 μέρει
3172 2171 3465 2240 λαμϐάνειν
3505 2170 3627 2242 μέλ-

2058 2259 2191 2322 λεις,
2211 2257 2384 2312 ταῦτα
2407 2257 2483 2321 ὼς
2509 2257 2895 2327 προηγούμενα
2917 2256 3077 2321 αίτει,
3110 2254 3245 2324 μηδὲ
3272 2253 3630 2325 ἀντιστρέψαν-

2062 2358 2160 2412 μεν
2201 2340 2300 2411 τὴν
2331 2339 2507 2405 τάξιν,
2536 2339 2673 2394 ἀλλά
2699 2339 2952 2411 ζητῶμεν
2984 2341 3189 2404 ἐκεῖνα,
3221 2336 3401 2400 καθὼς
3432 2338 3627 2390 ἐπέτα-

2060 2425 2173 2491 ξεν,
2196 2424 2283 2477 ἵνα
2302 2423 2569 2477 κάκείνων
2589 2422 2906 2477 καὶτούτων
2926 2424 2983 2475 ἐν
3002 2421 3298 2476 ἀπολαύσει
3322 2420 3627 2490 γενώμεθα.

2059 2506 2159 2560 Διά
2188 2506 2297 2576 7&9
2322 2505 2482 2561 τοῦτο
2509 2506 2604 2559 καὶ
2632 2507 2690 2559 ἐν
2722 2507 2833 2568 τοῖς
2869 2505 2968 2575 τῆς
3001 2505 3166 2575 εὐχῆς
3204 2505 3440 2575 ῥήμασιν
3474 2504 3629 2574 ὅρους

2061 2590 2194 2659 ήμῖν
2217 2589 2313 2642 καὶ
2334 2588 2559 2650 κανόνας
2579 2588 2771 2652 τιθεὶς,
2794 2587 2954 2658 μέχρι
2973 2587 3117 2650 τίνος
3143 2587 3224 2639 δεῖ
3250 2587 3348 2657 τὴν
3374 2587 3505 2656 περὶ
3525 2584 3630 2639 τῶν

2061 2668 2333 2741 βιωτικῶν
2365 2670 2581 2740 αἴτησιν
2603 2671 2894 2736 ποιεῖσθαι,
2931 2669 3000 2724 τὰ
3030 2671 3248 2740 ῥήματα
3278 2666 3429 2740 [530]
3451 2670 3631 2722 ἐκεῖνα

2061 2753 2237 2823 λέγειν
2268 2754 2413 2824 ἡμᾶς
2432 2752 2706 2818 ἐκέλευσε,
2730 2752 2801 2807 τὰ
2822 2753 3004 2822 πάσης
3029 2751 3342 2821 φιλοσοφίας
3367 2752 3629 2822 γέμοντα,

2068 2835 2181 2890 Τὸν
2198 2834 2380 2904 ἄρτον
2407 2834 2575 2904 ήμῶν
2589 2835 2696 2890 τὸν
2723 2835 3036 2890 ἐπιούσιον
3052 2835 3159 2901 δὸς
3180 2834 3325 2903 ἡμῖν
3336 2834 3629 2903 σήμερον,

2062 2918 2184 2973 ἀντὶ
2218 2916 2335 2981 τοῦ,
2376 2917 2476 2988 τήν
2519 2917 2618 2987 τῆς
2658 2918 2873 2989 ήμέρας
2913 2918 3138 2989 τροφήν·
3176 2918 3312 2988 ὅπερ
3350 2919 3380 2970 ό
3427 2917 3630 2981 δίκαιος

2060 2996 2235 3071 οὗτος,
2272 3000 2424 3054 οὐδὲν
2456 2999 2659 3054 τούτων
2699 2998 2971 3071 ἀκηκοὼς,
3015 2998 3211 3070 ηῦχετο
3256 2998 3448 3067 λέγων·
3492 2999 3632 3053 Ἐὰν

2062 3084 2146 3150 δῷ
2165 3102 2268 3154 μοι
2295 3085 2511 3153 Κύριος
2542 3081 2726 3153 ἄρτον
2756 3082 2988 3153 φαγεῖν,
3010 3082 3109 3136 καὶ
3137 3081 3367 3151 ἱμάτιον
3393 3084 3627 3150 περιϐα-

2061 3166 2294 3221 λέσθαι.
2332 3166 2424 3238 Μή
2460 3167 2638 3220 τοίνυν
2662 3164 2844 3236 ἕτερόν
2868 3184 2921 3218 τι
2948 3165 3057 3218 τῶν
3090 3164 3358 3234 βιωτικῶν
3393 3165 3630 3235 αίτῶμεν

2064 3250 2193 3321 παρ’
2225 3249 2410 3305 αὐτοῦ.
2455 3248 2695 3316 Ἀνάξιον
2724 3249 2830 3319 7&9
2859 3249 3060 3321 σφόδρα
3085 3248 3237 3319 παρά
3258 3249 3353 3302 τοῦ
3385 3248 3531 3303 οὕτω
3549 3266 3634 3317 qn.-

2063 3332 2177 3386 λοτί
2184 3350 2286 3403 μου
2317 3333 2413 3386 καὶ
2432 3332 2701 3402 τοσαύτην
2731 3332 3009 3402 δυνάμεως
3026 3332 3343 3403 περιουσίαν
3365 3332 3632 3401 κεκτημέο

2064 3432 2156 3471 νου
2189 3414 2367 3469 ταῦτα
2403 3417 2593 3478 αἰτεῖν,
2616 3414 2653 3469 ἀ
2680 3414 2759 3485 τῷ
2787 3415 3015 3486 παρόντι
3042 3415 3477 3480 συγκαταλύεται
3516 3414 3632 3485 βίῳ.

2064 3498 2158 3552 καὶ
2188 3497 2390 3569 πολλὴν
2416 3499 2528 3568 ἔχει
2547 3496 2645 3568 τὴν
2677 3497 2978 3568 μεταϐολὴν
2999 3499 3094 3551 καὶ
3121 3496 3229 3568 τὴν,
3245 3498 3595 3567 μετάπτωσιν
3616 3511 3632 3527 ·

2063 3580 2290 3635 τοιαῦτα
2304 3583 2415 3653 γὰρ
2430 3582 2645 3635 ἅπαντα
2659 3581 2730 3637 τὰ
2742 3581 3077 3653 ἀνθρώπινα,
3093 3582 3194 3635 κᾶν
3210 3582 3440 3636 πλοῦτον
3454 3584 3634 3653 είπῃς,

2066 3664 2169 3718 κᾶν
2189 3663 2540 3729 δυναστείαν,
2583 3664 2684 3718 κᾶν
2717 3664 2875 3730 δόξαν
2904 3663 3251 3736 ἀνθρωπίνην
3270 3681 3285 3695 ο
3324 3663 3441 3717 ἀλλ’
3478 3665 3637 3717 αἰτῶ-

2070 3763 2170 3817 μεν
2202 3747 2269 3801 τὰ
2307 3748 2396 3802 ἀεὶ
2443 3746 2696 3818 μένοντα,
2724 3748 2794 3802 τὰ
2833 3747 3050 3820 διαρκῆ,
3084 3748 3177 3800 καὶ
3206 3747 3513 3819 μεταϐολὴν
3540 3747 3638 3800 οὐκ

2066 3831 2429 3901 ἐπιστάμενα.
2455 3832 2564 3884 Καὶ
2586 3830 2784 3895 εἰδότες
2814 3830 2907 3885 τοῦ
2936 3831 3203 3903 ἡμετέρου
3228 3832 3501 3884 Δεσπότου
3542 3832 3639 3899 τήν

2066 3914 2401 3984 ἀγαθότητα,
2426 3914 2636 3985 μηδένα
2675 3913 2956 3984 ποιώμεθα
2990 3913 3147 3982 λόγον
3185 3913 3293 3967 τῶν
3332 3912 3638 3987 παρόντων,

2068 3997 2206 4052 ἀλλά
2239 3999 2421 4051 πᾶσαν
2444 3998 2601 4069 ήμῶν
2617 3999 2715 4070 τὴν
2733 3998 2966 4068 σπουδὴν
2982 3999 3061 4062 είς
3074 3998 3165 4050 τὸν
3181 3996 3289 4051 τῶν
3306 3996 3643 4067 ἐπουρανίων

2068 4080 2233 4134 πόθον
2261 4084 2708 4152 μεταστήσωμεν.
2727 4081 2789 4134 El
2814 4080 2921 4151 7&9
2960 4080 3069 4134 Τὸν
3100 4080 3276 4147 ἥλιον
3293 4079 3483 4133 αὑτοῦ
3506 4081 3645 4132 dm

2069 4166 2270 4221 τέλλει
2297 4168 2397 4222 ἐπὶ
2422 4167 2725 4235 πονηροὺς
2754 4166 2853 4219 καὶ
2877 4165 3157 4235 ἀγαθοὺς,
3186 4166 3283 4218 καὶ
3313 4163 3527 4234 ,βρέχει
3546 4164 3645 4217 ἐπι

2069 4254 2339 4321 δικαίους
2372 4255 2468 4308 καί
2488 4254 2759 4317 ἀδίκους,
2777 4252 2957 4323 πολλῷ
2997 4253 3194 4323 μᾶλλον
3215 4254 3343 4316 τοὺς
3364 4253 3646 4323 ἀπεχομέ-

2068 4354 2193 4401 νους
2221 4338 2321 4408 τῆς
2346 4338 2612 4409 πονηρίας
2629 4338 2724 4391 καὶ
2741 4338 2840 4407 τήν
2858 4337 3074 4391 ἀδικίαν
3092 4335 3392 4405 φεύγοντας
3406 4340 3469 4389 οὐ
3489 4354 3647 4407 περι-

2067 4419 2279 4489 όψεται,
2312 4418 2452 4474 ἀλλὰ
2479 4420 2680 4490 πολλῆς
2704 4418 2927 4483 ἀξιώσει
2951 4419 3052 4490 τῆς
3088 4420 3343 4490 προνοίας
3362 4460 3378 4481 ,
3410 4421 3507 4474 καὶ
3547 4420 3647 4490 τήν

2069 4502 2264 4557 ἐαυτοῦ
2294 4503 2621 4573 κηδεμονίαν
2647 4505 2707 4556 ἐν
2731 4503 2904 4556 ἀπασι
2936 4502 3180 4573 παρέξει.
3219 4504 3397 4573 Ὅπερ
3420 4503 3646 4566 ειδότες,

2069 4586 2367 4656 ἀγαπητοὶ,
2405 4587 2481 4656 μὴ
2508 4584 2828 4656 ἀπιστῶμεν
2856 4587 2975 4647 ταῖς
3011 4584 3105 4637 τοῦ
3127 4584 3260 4637 Θεοῦ
3292 4585 3646 4655 ὑποσχέσεσι,

2073 4669 2206 4740 μηδὲ
2240 4669 2460 4723 ἐναντία
2487 4661 2563 4723 ὧν
2609 4668 2865 4722 ἐκέλευσε
2893 4667 3368 4737 διαπραττώμεθα.
3408 4669 3490 4720 Τά
3537 4670 3647 4740 γὰρ

2071 4751 2164 4806 νῦν
2196 4753 2321 4823 παρ’
2354 4752 2513 4822 ήμῶν
2535 4751 2795 4822 γινόμενα
2820 4749 2983 4804 οὐδὲν
3008 4751 3375 4804 ἀπιστούντων
3403 4752 3645 4822 διενήνο-

2070 4853 2182 4906 χεν.
2204 4836 2375 4888 Ὅταν
2400 4835 2507 4905 γάρ
2527 4834 2689 4897 αὐτὸς
2718 4834 2817 4905 μὲν
2842 4833 3241 4903 ἐπαγγέλληται
3269 4834 3335 4887 τὰ
3354 4835 3643 4904 μέλλοντα,

2070 4920 2230 4989 ἡμεῖς
2251 4918 2308 4970 δὲ
2340 4918 2417 4988 μὴ
2454 4916 2773 4987 βουλώμεθα
2805 4915 3027 4989 θαρρεῖν
3059 4916 3305 4979 ἐκείνοις,
3353 4918 3492 4969 ἀλλά
3534 4920 3647 4980 τοῖς

2071 5000 2337 5072 παροῦσιν
2370 4994 2521 5071 ὦμεν
2564 4998 2998 5071 προσηλωμένοι,
3032 5003 3179 5053 ποῖον
3212 4999 3397 5069 ἕτερον
3447 5000 3648 5071 δεῖγμα

2071 5083 2330 5146 ἀπιστίας
2367 5083 2551 5137 λοιπόν
2593 5100 2680 5146 τις
2726 5084 3097 5154 ἐπιζητήσειε,
3150 5083 3257 5135 τῶν
3302 5085 3649 5152 πραγμάτων

2071 5166 2251 5219 αὐτῶν
2276 5166 2538 5236 λαμπρὰν
2563 5165 2833 5234 ἀφιέντων
2864 5168 3085 5236 φωνήν;
3119 5166 3227 5218 Καὶ
3258 5166 3445 5227 πάλιν,
3479 5165 3646 5218 αὑτοῦ

2072 5249 2385 5312 κελεύοντος
2420 5249 2587 5320 μηδὲν
2628 5248 2814 5319 ζητεῖν
2858 5251 2988 5320 παρ’
3017 5249 3179 5302 αὐτοῦ
3215 5248 3323 5301 τῶν
3364 5251 3650 5320 ἐπικήρων

2071 5332 2272 5385 τούτων
2315 5332 2412 5384 καὶ
2462 5331 2750 5401 βιωτικῶν,
2796 5332 2912 5385 ἀλλ’
2952 5332 3174 5384 ἐκείνων
3215 5331 3439 5401 μᾶλλον,
3482 5336 3648 5403 ἡμεῖς

2071 5414 2167 5470 ἀπ’
2202 5414 2455 5477 ἐναντίας
2476 5412 2627 5485 αὐτῷ
2654 5415 2964 5484 ἐρχόμενοι,
2991 5416 3136 5484 άπερ
3170 5412 3291 5466 εἶπε
3324 5414 3400 5484 μὴ
3440 5415 3649 5484 ζητεῖν,

2072 5499 2257 5551 ἐκεῖνα
2286 5496 2583 5567 ζητοῦμεν,
2634 5497 2728 5550 καὶ
2773 5497 2916 5567 άπερ
2942 5492 3065 5549 εἷπε
3088 5496 3292 5566 ζητεῖν,
3345 5498 3533 5550 ἐκεῖνα
3588 5497 3650 5548 οὐ

2078 5580 2368 5649 ζητοῦμεν.
2404 5577 2513 5631 Καὶ
2543 5577 2715 5632 ταῦτα
2743 5578 3225 5648 διαπραττόμενοι,
3254 5580 3349 5632 καὶ
3376 5578 3521 5631 οὕτω
3554 5580 3651 5647 9;-

2079 5663 2264 5733 θύμως
2308 5661 2380 5713 τὰ
2426 5660 2546 5715 καθ’
2586 5661 2809 5725 ἑαυτοὺς
2855 5660 3201 5726 διοικοῦντες,
3245 5660 3341 5713 καὶ
3380 5657 3649 5729 παροργί-

2078 5729 2259 5809 ζόντες
2299 5743 2391 5795 τὸν
2437 5744 2640 5813 ἥμερον
2675 5743 2769 5795 καὶ
2814 5742 3061 5813 προσηνῆ
3114 5742 3412 5811 Δεσπότην,
3458 5741 3646 5805 ὥσπερ

2081 5825 2458 5896 ἐπιλαθόμενοι
2486 5825 2593 5881 τῶν
2618 5824 2747 5894 παρ’
2790 5824 2946 5897 ήμῶν
2968 5825 3305 5899 γινομένων.
3335 5826 3434 5895 τὴν
3466 5823 3641 5876 αἰτίαν
