3782 6260
125 303 232 357 477

123 428 302 478 etum,
334 425 389 471 et
426 415 694 486 quomodo
721 424 842 486 post
868 415 988 473 illas
1027 419 1408 489 promissiones
1436 419 1575 490 apud
1605 419 1709 474 La-

126 510 230 562 han
272 509 452 576 viginti
498 509 654 562 annis
703 510 974 566 laboribus
1015 510 1270 577 afflictus,
1305 527 1408 566 non
1453 510 1709 582 gravatim

123 601 275 665 tulit,
306 616 410 654 non
455 602 669 670 segnior
710 602 807 656 fuit
849 611 956 656 tam
995 603 1244 657 diuturno
1292 614 1568 674 tempore;
1612 604 1708 658 sed

120 691 302 744 omnia
355 689 564 744 fortiter
610 691 891 757 sustinuit,
933 703 1246 762 exspectans
1297 695 1706 763 promissionum

123 793 336 852 tempus
364 824 378 847 ,
412 792 464 837 et
489 783 664 837 sciens
693 799 795 838 non
822 799 978 852 posse
1006 786 1320 841 intercidere
1361 801 1480 854 qua:
1520 800 1550 840 a
1595 787 1707 841 Deo

120 877 261 929 dicta
293 885 416 929 sunt
449 892 461 927 :
493 876 722 930 maxime
752 876 875 930 siet
919 891 1014 931 nos
1051 878 1238 932 afferre
1279 888 1458 932 nostra
1493 879 1706 932 studea-

119 981 262 1028 mus,
293 965 449 1020 ﬁdem
475 975 530 1020 et
559 968 885 1034 patientiam,
907 976 961 1022 et
989 969 1057 1021 ita
1087 968 1222 1023 bene
1248 968 1472 1022 ﬁdamus
1499 969 1561 1023 iis
1585 985 1704 1037 quae

118 1073 146 1107 a
179 1057 408 1110 Domino
429 1058 688 1125 promissa
735 1067 857 1110 sunt
884 1099 898 1123 ,
931 1069 1088 1128 atque
1133 1061 1178 1112 si
1220 1059 1328 1127 jam
1374 1059 1586 1128 impleta
1615 1074 1702 1113 es-

116 1157 258 1201 sent.
287 1147 411 1203 Ilaec
439 1149 582 1202 enim
617 1165 737 1201 vera
767 1149 896 1203 ﬁdes
933 1159 1014 1203 est
1033 1189 1048 1214 ,
1071 1165 1175 1203 non
1203 1150 1476 1204 attendere
1501 1165 1560 1204 ea
1581 1165 1703 1219 quae

117 1239 401 1306 videntur,
433 1241 591 1294 etiam
619 1241 662 1294 si
693 1242 910 1294 omnino
943 1241 1049 1296 sint
1079 1243 1298 1297 adversa
1331 1244 1698 1313 promissioni,

115 1333 210 1385 sed
259 1333 356 1386 soli
403 1333 760 1401 promittentis
804 1335 1052 1402 potentia:
1101 1335 1388 1389 conﬁdere.
1420 1335 1534 1389 Jam
1577 1351 1702 1391 vero

117 1425 392 1479 videamus
414 1425 542 1494 justi
573 1427 728 1495 hujus
757 1436 960 1496 gratum
1000 1428 1256 1480 animum.
1286 1429 1371 1481 16.
1405 1427 1469 1481 Et
1495 1429 1700 1498 evigila-

115 1517 202 1578 vit,
238 1516 425 1584 inquit,
453 1515 610 1570 Jacob
637 1518 699 1570 de
733 1534 907 1570 somno
933 1535 1044 1580 suo,
1076 1528 1121 1570 et
1149 1519 1275 1571 dixit
1302 1535 1319 1571 :
1349 1519 1593 1572 Dominus
1629 1530 1701 1572 est

115 1609 168 1659 in
219 1609 329 1661 loco
376 1609 500 1674 ista,
533 1627 622 1679 ego
663 1621 828 1662 autem
875 1613 1168 1664 nesciebam.
1196 1613 1280 1664 17.
1310 1612 1375 1664 Et
1427 1613 1622 1672 timuit.
1655 1620 1702 1664 et

116 1699 246 1751 dixit
275 1699 474 1763 :Quam
503 1701 736 1753 terribilis
761 1710 831 1754 est
862 1701 1000 1754 locus
1023 1702 1148 1754 iste!
1179 1701 1298 1754 Non
1324 1711 1396 1754 est
1426 1703 1519 1755 hoc
1538 1703 1697 1768 aliud,

116 1807 269 1858 quam
318 1790 494 1844 damus
533 1789 628 1843 Dei
659 1806 677 1844 :
706 1785 751 1844 'et
776 1791 882 1845 lucc
918 1802 991 1845 est
1022 1804 1166 1861 porta
1190 1789 1339 1847 'cwli.
1379 1794 1701 1863 Stupescens

117 1881 287 1948 justus
330 1890 545 1950 propter
585 1896 829 1951 magnam
871 1882 1290 1937 misericordiam
1333 1885 1454 1951 Dei,
1491 1886 1698 1951 timuit,

117 1970 307 2040 inquit,
333 1981 386 2025 et
412 1972 543 2025 dixit
571 1989 583 2024 :
613 1971 730 2024 Non
761 1982 832 2025 est
861 1973 954 2026 hoc
979 1975 1077 2027 nisi
1097 1975 1274 2028 domus
1298 1973 1409 2041 Dei,
1441 1984 1487 2028 et
1513 1977 1609 2029 ista
1630 1986 1702 2030 est

117 2071 266 2128 porta
299 2062 428 2115 cwli.
469 2061 566 2116 llic
597 2063 742 2116 locus
769 2063 896 2117 mihi
936 2063 1155 2134 posthac
1186 2079 1280 2133 pro
1305 2064 1465 2120 domo
1493 2067 1584 2121 Dei
1614 2083 1701 2122 re-

117 2152 404 2220 putabitur.
429 2153 599 2208 Tanta
623 2153 780 2224 igitur
803 2155 1006 2208 visione
1029 2155 1218 2224 dignus
1246 2155 1474 2220 habitus,
1501 2165 1555 2211 et
1579 2173 1699 2213 cum

118 2245 286 2312 ipsam
312 2286 328 2310 ,
356 2257 416 2299 ut
449 2245 519 2300 ita
551 2245 745 2312 dicam,
780 2247 929 2317 quasi
956 2247 1070 2302 εξειὶ
1100 2257 1302 2316 portam
1332 2248 1552 2303 viderim
1573 2289 1588 2313 ,
1618 2249 1701 2318 ju-

116 2344 258 2388 stum
291 2335 466 2400 fuerit,
500 2345 559 2391 ut
586 2337 817 2392 debitam
862 2336 947 2392 hic
985 2338 1273 2406 gratiarum
1303 2339 1567 2394 actionem
1601 2340 1702 2394 Do-

116 2428 265 2481 mino
307 2427 525 2482 reddam
575 2437 629 2483 et
670 2428 907 2484 offeram.
942 2429 1028 2484 l8.
1064 2429 1131 2483 Et
1179 2431 1396 2484 surrexit
1437 2430 1616 2494 Iacob,
1655 2440 1701 2484 et

115 2519 308 2587 accepit
345 2519 564 2588 lapidem
592 2535 738 2588 quem
767 2529 1000 2589 posuerat
1028 2521 1096 2573 ad
1131 2530 1282 2590 caput
1315 2537 1496 2587 suum,
1525 2530 1570 2573 et
1596 2529 1700 2572 sta-

113 2613 206 2665 tuit
232 2628 347 2665 eum
374 2612 426 2665 in
451 2613 754 2677 columnam,
784 2621 832 2665 et
858 2612 1045 2683 infudit
1082 2614 1248 2668 oleum
1275 2629 1428 2680 super
1450 2629 1701 2668 summum

115 2708 246 2768 eius.
292 2705 380 2761 19.
412 2706 478 2760 Et
524 2705 713 2760 vocavit
750 2704 910 2759 Iacob
940 2723 1119 2760 nomen
1165 2706 1260 2759 loci
1301 2705 1476 2771 illius,
1511 2704 1702 2758 Domus

115 2797 230 2851 Dei.
257 2797 411 2851 Aliud
445 2798 575 2850 enim
604 2807 710 2851 erat
735 2813 911 2850 nomen
953 2798 1064 2850 loco
1095 2806 1264 2851 antea.
1296 2795 1577 2864 Postquam
1603 2809 1699 2849 au-

116 2899 224 2944 tem
257 2905 354 2959 per
384 2889 642 2943 visionem
669 2900 773 2944 tam
807 2905 994 2959 magna
1024 2899 1382 2959 consequutus
1411 2889 1525 2951 fuit,
1548 2903 1704 2942 voca-

117 2981 244 3034 bulo
273 2979 580 3036 memoriam
610 2980 726 3034 loco
757 2981 1046 3036 inscribere
1066 2979 1196 3044 vult,
1222 2981 1554 3050 posterisque
1579 2995 1700 3033 eum

115 3072 297 3127 facere
325 3072 613 3137 celebrem,
649 3072 820 3142 lapide
846 3087 940 3141 pro
962 3073 1207 3128 columna
1234 3081 1434 3139 erecto,
1460 3073 1703 3142 superfu-

114 3177 282 3232 sOque
319 3163 441 3217 oleo
471 3162 778 3232 (verisimile
803 3164 943 3216 enim
989 3173 1070 3217 est
1090 3163 1229 3233 quod
1259 3162 1384 3218 illud
1415 3162 1584 3217 solum
1621 3177 1706 3217 se-

116 3270 233 3308 cum
296 3254 508 3322 tulerit,
563 3264 743 3324 utpote
819 3255 918 3308 iter
985 3253 1266 3325 I'aciens),
1312 3263 1494 3309 votum
1549 3252 1705 3309 offert

116 3343 348 3413 benigno
380 3345 509 3410 Deo,
538 3345 681 3398 omni
713 3345 925 3413 plenum
957 3345 1307 3414 philosophia.

184 3436 240 3489 5.
282 3435 350 3488 Et
401 3435 446 3488 si
487 3435 676 3500 vultis,
707 3435 866 3489 etiam
916 3435 1026 3501 ipsa
1068 3436 1345 3490 audiamus
1385 3436 1568 3491 verba.
1608 3435 1699 3490 20.

130 3525 272 3579 Vovit
294 3526 427 3580 enim
454 3536 643 3590 vatum,
666 3527 833 3579 dicens
856 3542 874 3578 :
903 3526 963 3578 Si
990 3527 1138 3596 fuerit
1164 3525 1413 3579 Dominus
1441 3526 1576 3579 Deus
1602 3542 1705 3579 me-

115 3633 253 3681 cum,
283 3627 332 3672 et
352 3617 639 3671 custodierit
661 3634 738 3670 me
753 3618 805 3670 in
824 3617 904 3670 via
930 3618 1042 3682 hac,
1066 3632 1165 3685 qua
1190 3633 1281 3687 ego
1309 3617 1530 3670 ambula.
1556 3617 1704 3684 Quo-

117 3709 260 3763 niam
299 3708 542 3775 dixerat,
577 3708 688 3779 Ego
715 3718 875 3762 tecum
903 3725 1043 3774 sum,
1073 3719 1120 3762 et
1149 3709 1428 3762 custodiam
1463 3717 1510 3762 te
1547 3708 1600 3761 in
1623 3707 1704 3761 via

118 3801 210 3854 hac
238 3817 340 3872 qua
380 3801 607 3854 ambulas
637 3817 655 3854 :
683 3809 897 3870 propter
941 3801 1042 3855 hoc
1083 3809 1136 3855 et
1177 3801 1288 3869 ipse
1322 3799 1451 3853 dicit
1482 3817 1496 3854 :
1527 3799 1581 3855 Si
1611 3799 1702 3854 illa

117 3891 248 3944 mihi
295 3891 575 3952 eveniant,
603 3907 722 3957 quae
760 3893 964 3945 scilicet
1006 3899 1058 3945 te
1108 3890 1348 3944 daturum
1393 3887 1701 3956 promisisti.

117 3973 321 4026 Deinde
352 3982 404 4023 et
436 3970 748 4037 petitionem
779 3970 956 4032 allert,
997 3968 1179 4021 dicens
1207 3983 1220 4019 :
1246 3967 1307 4021 Si
1337 3967 1534 4021 dederit
1577 3965 1703 4019 mihi

116 4064 372 4115 Dominus
400 4077 582 4131 panem
605 4061 673 4112 ad
697 4060 1131 4123 manducandum,
1152 4069 1197 4112 et
1226 4067 1407 4111 vestem
1438 4059 1506 4112 ad
1535 4069 1704 4131 tegen-

115 4156 257 4206 dum.
287 4151 404 4206 Non
432 4151 564 4205 divit
586 4166 666 4219 as,
696 4167 799 4205 non
831 4149 1208 4204 abundantiam
1252 4149 1538 4218 quamdam
1571 4150 1704 4218 peti-

115 4247 218 4309 vit;
252 4246 348 4300 sed
383 4261 570 4314 panem
603 4254 657 4298 et
698 4252 903 4297 vestem
933 4253 1018 4295 :ct
1053 4243 1186 4296 hanc
1217 4244 1283 4295 ad
1313 4241 1702 4310 contegendum

114 4354 338 4406 corpus,
364 4337 510 4390 illum
534 4350 660 4389 vero
686 4335 737 4388 in
763 4333 1126 4389 necessarium
1152 4333 1484 4388 alimentum.
1514 4334 1701 4387 Consi-

113 4429 242 4483 dera
274 4428 546 4496 quomodo
592 4427 748 4481 nobis
791 4427 1141 4494 apostolicum
1173 4424 1537 4479 characterem
1567 4426 1704 4493 peti-

114 4524 263 4577 tione
303 4535 399 4575 sua
430 4519 790 4589 signiﬁcavit:
823 4527 972 4573 tanto
1009 4518 1283 4586 sapientia:
1311 4518 1487 4571 studio
1516 4517 1703 4584 plenus

113 4625 231 4669 erat
257 4613 391 4683 justi
420 4613 651 4669 animus.
677 4612 809 4668 Nam
837 4611 888 4666 id
917 4610 1060 4680 quod
1087 4610 1331 4665 Christus
1360 4609 1594 4676 dicebat,
1621 4608 1705 4662 Ne

113 4709 421 4775 possidentis
470 4724 682 4768 aurum,
733 4706 812 4760 vel
860 4715 1161 4774 argentum,
1212 4704 1291 4758 uel
1335 4704 1466 4757 duas
1506 4705 1704 4756 tunicas

113 4801 336 4871 (Matth.
373 4799 459 4854 IO.
490 4799 547 4869 9)
575 4817 588 4853 :
615 4799 717 4854 hoc
745 4799 846 4853 iste
881 4797 1116 4852 nondum
1142 4813 1170 4850 a
1200 4812 1465 4867 quoquam
1491 4795 1704 4862 doctus,

113 4894 205 4948 sed
238 4907 270 4945 a
301 4892 504 4960 seipse,
527 4901 581 4945 et
609 4891 676 4945 ab
706 4890 870 4944 insito
893 4899 1094 4943 natura:
1122 4899 1318 4943 nostra:
1350 4889 1602 4957 magistro
1625 4887 1706 4942 di-

113 4987 266 5049 dicit,
288 4995 341 5039 et
364 4983 570 5053 Optavit
589 4997 619 5036 a
641 4982 867 5037 Domino
887 4997 983 5036 suo
1006 4981 1230 5049 praeberi
1257 4995 1442 5048 panem
1469 4981 1536 5035 ad
1558 4995 1705 5036 com-

113 5078 423 5142 edendum,
472 5087 526 5130 et
574 5086 779 5130 vestem
830 5076 895 5129 ad
938 5075 1241 5144 tegendum.
1301 5074 1356 5129 Si
1413 5075 1526 5128 haec
1572 5074 1704 5128 mihi

115 5169 341 5231 fuerint,
373 5167 566 5235 inquit,
597 5166 647 5220 in
686 5175 826 5220 terra
876 5164 1070 5228 aliena,
1102 5162 1192 5218 21.
1233 5162 1300 5216 Et
1339 5165 1599 5218 reduxerit
1627 5181 1705 5219 me

119 5258 377 5311 Dominus
404 5258 598 5311 salvum
628 5258 679 5309 in
701 5257 905 5310 domum
931 5256 1091 5326 patris
1114 5257 1233 5322 mei,
1259 5256 1399 5309 sicut
1427 5255 1704 5324 promisit:

115 5351 211 5402 erit
251 5348 501 5401 Dominus
550 5349 673 5400 milii
707 5347 761 5399 in
807 5345 1006 5408 Deum,
1038 5344 1125 5399 22.
1159 5355 1208 5398 et
1256 5345 1388 5414 lapis
1428 5347 1520 5399 iste
1561 5363 1709 5414 quem

116 5440 257 5491 erexi
295 5441 350 5491 in
392 5440 703 5504 columnam,
735 5439 830 5491 erit
874 5436 997 5488 mihi
1028 5436 1208 5488 domus
1243 5435 1334 5488 Dei
1358 5451 1375 5488 :
1398 5446 1445 5489 et
1479 5438 1705 5490 omnium

116 5547 230 5595 qua:
254 5530 380 5583 mihi
402 5530 623 5597 dederis,
647 5529 868 5582 decimas
889 5529 980 5582 tibi
1008 5528 1241 5595 afferam.
1271 5528 1404 5583 Vide
1429 5530 1555 5598 justi
1584 5546 1705 5600 pro—

118 5623 244 5676 bum
275 5622 547 5678 allectum.
587 5621 806 5678 Petebat
834 5619 1068 5690 quidem,
1108 5630 1163 5675 at
1209 5621 1338 5676 nihil
1383 5623 1702 5692 pretiosum,

119 5711 216 5769 sed
239 5726 435 5788 panem
456 5729 510 5778 et
533 5724 736 5776 vestem
772 5729 787 5782 ;
821 5713 1164 5787 promittebat
1193 5724 1369 5771 autem
1400 5724 1455 5771 et
1477 5729 1571 5770 sua
1606 5717 1705 5771 Do-

1164 302 1230 358 IN
1267 301 1420 360 CAP.
1451 300 1690 358 XXVIII.
1723 301 1965 362 GENES.
2007 304 2235 366 HOMIL.
2276 311 2413 369 LIV.

3298 330 3402 386 478

1823 420 1990 491 mino,
2011 439 2208 494 gnarus
2245 444 2406 499 quam
2448 439 2617 489 certet
2655 435 2992 505 muneribus,
3020 447 3075 494 et
3099 455 3257 510 quam
3303 461 3402 501 no-

1816 523 1956 606 stras
1994 519 2342 588 cogitationes
2385 525 2729 583 retribuendo
2761 533 3136 600 transcendat,
3179 535 3356 606 aitque
3386 559 3400 593 :

1816 603 1882 659 Et
1903 609 2202 665 columnam
2230 613 2362 670 hanc
2389 616 2440 671 in
2463 617 2676 673 domum
2699 620 2795 675 Dei
2817 622 3044 690 habebo,
3070 635 3124 680 et
3153 603 3392 686 omnium

1813 710 1932 762 qua:
1959 699 2086 753 mihi
2113 715 2142 754 a
2170 708 2222 756 te
2249 706 2724 773 suppeditabantur
2750 711 2984 766 decimas
3023 714 3179 771 dabo.
3210 719 3397 776 Vidisti

1812 795 2044 842 mentem
2088 791 2227 858 piam
2256 807 2317 848 ac
2348 795 2646 865 religiosam
2675 799 2858 856 ?Nihil
2884 803 3058 858 adhuc
3081 821 3404 880 acceperat,

1811 884 1864 930 et
1891 879 2135 945 promisit
2168 896 2228 937 se
2256 883 2365 938 Deo
2393 885 2628 943 decimas
2658 905 2842 946 eorum
2868 909 2987 964 qua:
3013 895 3115 952 sibi
3151 879 3397 958 donanda

1807 975 1960 1021 erant
1987 969 2309 1028 oblaturum.

1881 1057 2098 1114 .llaralis
2145 1064 2393 1134 epilogus.
2425 1095 2494 1106 —
2533 1066 2611 1123 Ne
2640 1071 2986 1140 simpliciter,
3011 1077 3223 1144 dilecti,
3254 1095 3393 1148 pra:-

1810 1155 2076 1204 tereamus
2102 1167 2220 1221 qua:
2245 1154 2382 1208 dicta
2409 1167 2552 1219 sunt,
2577 1159 2670 1212 sed
2700 1162 3014 1219 temulemur
3036 1181 3223 1222 omnes
3249 1170 3390 1226 hunc

1803 1237 2004 1307 justum
2037 1257 2052 1293 :
2085 1251 2140 1298 et
2161 1259 2258 1298 nos
2283 1247 2369 1314 qui
2397 1248 2449 1301 in
2471 1249 2658 1316 gratia,
2683 1266 2804 1305 eum
2831 1254 2920 1322 qui
2946 1265 3069 1310 ante
3100 1257 3268 1327 legem
3299 1275 3312 1311 :
3341 1271 3397 1314 et

1808 1330 1939 1384 nihil
1982 1336 2271 1404 temporale
2297 1348 2540 1406 petamus
2582 1356 2610 1392 a
2657 1342 2900 1398 Domino.
2925 1345 3106 1416 Neque
3128 1350 3268 1403 enim
3291 1367 3388 1405 ex-

1811 1431 2016 1488 spectat
2045 1424 2216 1479 donec
2249 1442 2276 1480 a
2306 1429 2457 1482 nobis
2477 1431 2845 1500 admoneatur,
2879 1435 2970 1490 sed
2999 1448 3052 1492 et
3078 1453 3181 1492 non
3207 1452 3389 1508 peten-

1808 1511 1946 1564 tibus
1984 1515 2136 1569 nobis
2178 1516 2398 1586 largitur
2425 1534 2484 1573 ca
2523 1536 2641 1590 qua:
2664 1523 2730 1575 ad
2761 1539 2913 1579 usum
2947 1528 3229 1595 pertinent.
3255 1530 3393 1584 Driri

1804 1603 1946 1656 enim
1972 1605 2092 1672 facit
2121 1608 2274 1660 solem
2298 1625 2450 1678 super
2479 1613 2639 1665 malas
2661 1622 2707 1665 et
2726 1614 2899 1681 bonas,
2924 1627 2969 1669 et
2997 1619 3122 1686 pluit
3141 1635 3290 1688 super
3306 1622 3401 1691 ju-

1804 1704 1906 1749 stas
1932 1707 1978 1749 et
2017 1699 2229 1768 injustas
2257 1702 2275 1770 (
2305 1701 2484 1755 Matth.
2515 1705 2567 1758 5.
2592 1705 2706 1773 45).
2737 1707 2802 1760 Et
2825 1707 3106 1763 credamus
3135 1711 3182 1764 ei
3209 1711 3395 1764 admo-

1806 1787 1970 1848 nenti,
2000 1798 2053 1841 et
2073 1789 2266 1845 dicenti
2298 1809 2310 1844 :
2345 1791 2564 1856 Quicrite
2591 1797 2808 1862 primum
2832 1814 3041 1868 regnum
3069 1800 3182 1866 Dei,
3212 1811 3257 1855 et
3286 1803 3394 1856 lucc

1804 1879 1972 1930 omnia
2015 1892 2331 1949 opponentur
2376 1884 2514 1936 vobis
2545 1885 2750 1953 (Matth.
2783 1889 2837 1942 6.
2866 1889 2980 1958 55).
3017 1890 3176 1945 Vides
3221 1891 3394 1960 ipsum

1807 1967 1959 2022 nobis
1989 1971 2147 2024 etiam
2196 1972 2284 2025 illa
2318 1972 2370 2026 in
2402 1973 2599 2028 donum
2633 1980 3050 2046 prmparavisse,
3090 1990 3144 2034 et
3182 1981 3300 2035 lucc
3341 1984 3392 2036 in

1806 2056 1937 2112 lucri
1983 2068 2038 2114 et
2083 2063 2300 2116 auctarii
2347 2073 2498 2133 parte
2539 2065 2784 2122 daturum
2829 2083 2888 2123 se
2920 2071 3271 2137 promittere?
3314 2073 3392 2129 Ne

1805 2148 1964 2217 igitur
2004 2165 2065 2205 ea
2104 2167 2221 2220 qua:
2254 2163 2518 2222 tamquam
2561 2158 2782 2211 auctarii
2815 2158 2933 2213 loco
2958 2172 3270 2230 accepturus
3296 2178 3390 2229 es,

1805 2244 1956 2312 quasi
2009 2245 2257 2314 primaria
2309 2255 2429 2316 pete
2462 2265 2474 2301 :
2508 2264 2574 2303 ne
2619 2249 2946 2306 invertamus
2981 2254 3253 2318 ordinem,
3293 2257 3388 2310 scd

1804 2349 2105 2404 quaaramus
2131 2337 2217 2390 illa
2245 2338 2381 2392 sicut
2409 2341 2676 2409 praecepit,
2707 2351 2764 2394 ut
2791 2351 2845 2396 et
2873 2342 2954 2396 his
2982 2352 3036 2399 et
3062 2344 3167 2399 illis
3194 2345 3294 2399 frui
3327 2348 3392 2399 li-

1804 2434 1942 2478 ceat.
1971 2426 2044 2480 Ea
2075 2428 2215 2480 enim
2244 2428 2310 2482 de
2343 2443 2499 2484 causa
2531 2430 2582 2484 in
2611 2431 2866 2487 orationis
2893 2443 3090 2488 nostra:
3122 2435 3297 2490 verbis
3325 2435 3391 2490 li-

1805 2516 1960 2571 mites
1985 2527 2039 2570 et
2067 2518 2275 2586 regulas
2298 2518 2449 2573 nobis
2479 2519 2733 2574 Dominus
2759 2524 3101 2592 prmscripsit,
3128 2534 3390 2593 quatenus

1807 2607 2031 2675 petenda
2062 2608 2167 2660 sint
2195 2610 2522 2678 temporalia.
2557 2611 2727 2666 Verba
2768 2612 2854 2666 illa
2878 2613 3028 2682 jubet
3067 2629 3165 2670 nos
3188 2617 3389 2682 dicere,

1806 2711 1924 2766 qua:
1953 2697 2098 2750 omni
2133 2698 2466 2767 philosophia
2496 2702 2511 2730 ¹
2540 2710 2663 2754 sunt
2685 2701 2902 2768 referta,
2928 2702 3122 2757 Panem
3159 2717 3388 2760 nostrum

1804 2789 2154 2855 quotidianum
2183 2792 2250 2842 da
2291 2791 2430 2845 nobis
2458 2792 2605 2846 hodie
2635 2794 2654 2865 (
2680 2793 2866 2848 Matth.
2893 2795 2944 2850 6.
2979 2797 3069 2864 11)
3095 2814 3108 2850 :
3136 2798 3241 2851 diei
3284 2799 3385 2852 ali-

1805 2887 2041 2932 mentum
2069 2921 2083 2944 ,
2111 2879 2324 2949 inquit:
2358 2881 2406 2936 id
2438 2885 2578 2952 quod
2621 2883 2796 2953 justus
2844 2885 2975 2950 iste,
3007 2888 3214 2942 tametsi
3256 2889 3388 2944 nihil

1805 2967 1994 3022 homm
2021 2969 2281 3035 audierat,
2311 2980 2555 3040 precatus
2579 2982 2683 3039 est,
2701 2973 2882 3028 dicens
2911 2991 2925 3027 :
2960 2974 3022 3029 Si
3045 2975 3238 3029 dederit
3261 2978 3388 3030 mihi

1807 3059 2056 3113 Dominus
2095 3077 2273 3126 panem
2300 3062 2368 3115 ad
2405 3064 2782 3132 comedendum,
2820 3074 2867 3118 et
2903 3075 3083 3119 uestem
3119 3067 3187 3119 ad
3223 3076 3394 3137 tegen-

1806 3151 1948 3206 dum.
1975 3151 2052 3206 Ne
2094 3153 2253 3222 igitur
2283 3155 2574 3223 temporale
2615 3156 2812 3225 aliquid
2855 3157 2994 3212 aliud
3035 3159 3102 3213 ab
3140 3173 3206 3214 eo
3243 3172 3392 3229 peta-

1807 3256 1946 3297 mus.
1972 3243 2247 3312 lndignum
2275 3245 2417 3299 enim
2440 3247 2592 3302 valde
2617 3257 2719 3312 est,
2738 3263 2769 3302 a
2798 3260 2904 3304 tam
2929 3250 3134 3305 liberali
3159 3259 3214 3306 et
3244 3261 3388 3308 tanta

1806 3333 2001 3389 virtute
2048 3336 2316 3402 praestanti
2359 3335 2659 3405 lmjusmodi
2700 3348 2912 3408 petere,
2953 3357 3072 3410 qua:
3099 3355 3220 3396 cum
3251 3358 3393 3411 pras-

1807 3421 1946 3476 senti
1969 3423 2074 3478 vita
2109 3423 2489 3489 dissolvuntur,
2521 3436 2575 3481 et
2617 3443 2860 3497 magnam
2895 3429 3309 3486 vicissitudinem
3335 3441 3390 3486 et

1806 3516 2150 3572 mutationem
2173 3517 2554 3586 experiuntur:
2584 3520 2635 3574 id
2657 3535 2822 3590 genus
2843 3522 2984 3575 enim
3005 3532 3129 3576 sunt
3155 3523 3388 3578 humana

1807 3607 2006 3672 omnia,
2037 3607 2150 3663 sive
2175 3608 2390 3664 divitias
2416 3610 2635 3674 dixeris,
2666 3615 2779 3666 sive
2799 3615 3112 3682 potentiam,
3143 3615 3254 3669 sive
3287 3616 3389 3669 Int-

1807 3712 2018 3752 manam
2039 3699 2258 3769 gloriam
2292 3718 2306 3754 :
2337 3701 2430 3756 sed
2457 3711 2698 3770 petamus
2723 3717 2936 3773 semper
2963 3707 3246 3770 manentia,
3277 3710 3390 3761 suf-

1808 3792 2074 3860 ﬁcientia,
2125 3795 2505 3851 vicissitudinis
2547 3797 2746 3852 nescia.
2797 3799 2863 3851 Et
2906 3799 3133 3853 scientes
3182 3799 3393 3855 Domini

1806 3887 1972 3940 nostri
2032 3886 2318 3942 bonitatem
2344 3929 2359 3953 ,
2402 3888 2550 3942 nihili
2595 3889 2888 3958 pendamus
2931 3890 3212 3958 praesentia
3237 3931 3250 3954 .
3298 3892 3395 3946 sed

1807 3991 1969 4032 omne
2022 3985 2258 4034 nostrum
2319 3980 2551 4035 studium
2615 3981 2667 4034 in
2725 3981 3014 4035 caelestium
3069 3981 3391 4038 desiderium

1805 4069 2210 4126 transferamus.
2241 4072 2373 4128 Nam
2427 4075 2473 4128 si
2521 4073 2694 4128 Solem
2728 4090 2876 4128 suum
2917 4075 3040 4127 oriri
3079 4074 3201 4143 facit
3239 4091 3391 4144 super

1806 4165 1968 4218 malos
2004 4174 2051 4218 et
2077 4165 2254 4232 bonos,
2285 4177 2333 4220 et
2363 4168 2491 4236 pluit
2528 4183 2679 4236 super
2693 4168 2862 4237 justas
2898 4177 2944 4220 et
2969 4166 3201 4235 injustas,
3229 4169 3401 4222 multo

1808 4257 1975 4324 magis
2003 4257 2332 4313 abstinentes
2373 4275 2402 4313 a
2444 4258 2662 4323 malitia,
2695 4268 2749 4312 et
2779 4259 3089 4326 injustitiam
3131 4256 3398 4328 fugientes

1810 4363 1914 4402 non
1944 4350 2242 4418 despiciet:
2276 4351 2367 4405 sed
2411 4352 2574 4406 multa
2617 4352 2804 4422 dignos
2844 4352 3001 4407 ducet
3036 4352 3397 4422 providentia,

1811 4448 1866 4492 et
1912 4454 2003 4492 sua
2057 4441 2413 4495 sollicitudine
2464 4441 2606 4495 omni
2664 4452 2906 4511 tempore
2966 4443 3288 4511 dignabitur.
3342 4443 3398 4498 Id

1811 4529 2061 4593 scientes,
2092 4530 2287 4593 dilecti,
2317 4546 2382 4585 ne
2419 4531 2674 4586 increduli
2711 4533 2877 4586 simus
2911 4532 3107 4587 divinis
3137 4534 3402 4603 pollicita-

1813 4618 2063 4686 tionibus,
2093 4636 2261 4690 neque
2288 4622 2551 4676 contraria
2579 4621 2643 4676 iis
2667 4637 2785 4692 qua:
2819 4623 2906 4677 ille
2943 4621 3099 4692 jussit
3119 4623 3395 4679 faciamus.

1813 4707 2101 4764 Enimvero
2130 4720 2384 4780 quantum
2410 4711 2476 4765 ad
2500 4725 2561 4764 ea
2586 4727 2702 4782 qua:
2728 4728 2868 4767 nunc
2892 4727 2921 4766 a
2950 4713 3104 4769 nobis
3127 4714 3280 4781 ﬁunt,
3313 4716 3399 4768 ni-

1813 4798 1887 4855 hil
1931 4800 1998 4855 ab
2045 4801 2345 4856 infidelibus
2375 4801 2687 4856 diﬂ'erimus.
2716 4802 2940 4868 Quando
2964 4803 3107 4859 enim
3137 4804 3250 4874 ipse
3275 4806 3398 4872 qui-

1814 4893 1935 4948 dem
1961 4893 2132 4948 futura
2157 4894 2309 4948 nobis
2331 4894 2609 4962 promittit,
2636 4909 2734 4948 nos
2759 4905 2936 4949 autem
2967 4895 3214 4949 nolumus
3241 4895 3406 4949 ﬁdere

1814 4984 1956 5040 illius
1997 4985 2458 5054 promissionibus,
2494 4983 2588 5038 sed
2628 4985 2978 5052 praesentibus
3012 4998 3196 5038 sumus
3236 4983 3401 5046 aftixi,

1815 5077 1956 5148 quod
1997 5077 2138 5130 aliud
2179 5075 2566 5130 incredulitatis
2597 5074 2848 5128 indicium
2879 5075 3052 5129 adhuc
3079 5074 3397 5142 requiritur,

1817 5168 1978 5221 rebus
2011 5167 2140 5235 ipsis
2171 5175 2276 5219 tam
2306 5165 2451 5219 clara
2481 5178 2612 5218 voce
2637 5163 3049 5218 attestantibus?
3077 5164 3144 5218 Et
3170 5179 3400 5228 rursum,

1817 5257 2030 5312 Christo
2051 5257 2267 5326 jubente
2296 5271 2393 5308 nos
2420 5255 2548 5308 nihil
2573 5270 2604 5308 a
2631 5269 2688 5309 se
2709 5264 2893 5324 petere
2919 5253 3182 5324 fragilium
3211 5254 3400 5309 horum

1818 5358 1873 5404 et
1895 5348 2281 5416 temporalium,
2315 5347 2406 5401 sed
2437 5347 2610 5416 potius
2653 5346 2739 5399 illa
2777 5347 3064 5415 postulare,
3094 5362 3190 5401 nos
3223 5347 3271 5401 ei
3312 5364 3399 5401 re-

1819 5450 2113 5510 pugnantes
2133 5481 2148 5504 ,
2178 5455 2296 5508 quae
2327 5448 2508 5507 petere
2548 5437 2848 5506 prohibuit,
2873 5437 2960 5492 illa
2987 5437 3277 5508 quau-imus
3307 5455 3320 5489 :
3350 5448 3402 5490 ct

1820 5546 1939 5602 qua:
1963 5531 2120 5601 jussit
2139 5531 2325 5601 quaeri,
2358 5529 2446 5583 illa
2481 5543 2586 5583 non
2614 5529 2922 5599 quaarimus.
2956 5529 3022 5583 Et
3058 5528 3171 5584 haec
3203 5529 3401 5582 facien-

1886 5661 1900 5688 ι
1946 5653 2030 5702 Sic
2077 5651 2228 5700 Savil.
2266 5656 2317 5698 et
2359 5645 2580 5708 quinque
2629 5643 2741 5708 Mss.
2784 5645 2957 5708 Morel.
3011 5657 3156 5708 vero,
3201 5648 3403 5703 paterno

1820 5718 1990 5784 aﬂ'ectu
2019 5704 2411 5778 (φιλοστοργίας),
2438 5704 2545 5772 pro,
2582 5704 2890 5771 philosophia
2912 5706 3252 5770 (φιλοσοφίας).
