3730 6252
452 281 555 339 ιτθ

446 402 564 457 ses,
591 396 781 445 ctam
802 387 948 457 pigre
983 385 1321 455 mguiterque
1364 396 1551 440 nostra.
1576 383 1933 449 mstituentes,
1960 391 2018 437 et

445 479 825 536 csacerbantes
864 478 1051 530 mitem
1090 484 1146 529 et
1192 474 1476 529 humanum
1520 472 1843 536 Dominum,
1866 472 2019 542 quasi

448 570 597 624 obliti
635 582 819 623 comm
851 581 969 634 quae
1006 580 1107 620 nos
1149 564 1427 620 fecerimus
1448 604 1463 628 ,
1488 578 1701 619 causam
1731 563 2018 632 quanimus

446 660 575 728 ejus.
592 671 715 728 erga
740 672 839 710 nos
876 656 1273 726 indignationis,
1304 666 1359 711 et
1395 670 1560 726 quare
1604 670 1705 710 nos
1748 669 1891 724 saepe
1916 654 2019 708 dc-

448 748 666 817 spiciat,
693 762 813 802 cum
852 747 908 801 ia
935 747 1107 801 varias
1140 745 1421 801 incidimus
1454 745 1769 800 tentationes
1796 753 1889 799 :et
1910 758 2019 797 non

446 839 740 909 cligitantes
797 846 1133 906 peccaton
1202 846 1502 892 nostron
1556 836 1967 906 magnitudinem
1996 875 2015 902 ,

448 930 801 998 nosmetipsos
839 931 978 983 ultro
1002 929 1311 998 decipimus.
1345 930 1543 983 Idcirco
1581 929 1803 982 obsecro
1822 969 1837 993 ,
1867 936 1926 981 ut
1954 929 2021 983 iis

448 1021 694 1075 omnibus
735 1019 993 1088 repulsis,
1039 1018 1171 1073 nihil
1222 1018 1375 1071 saluti
1420 1029 1614 1072 nostra:
1652 1016 2014 1087 praferamus.

449 1110 584 1176 Quid
611 1110 751 1164 enim
776 1111 973 1178 pmdest
997 1109 1206 1174 hontini,
1233 1110 1289 1163 si.
1313 1118 1467 1161 totum
1492 1110 1734 1161 mundum
1762 1108 1979 1160 lucretur
1997 1146 2015 1172 ,

447 1202 631 1254 animae
655 1216 770 1253 vero
795 1217 900 1253 sua:
929 1200 1277 1253 detrimentum
1301 1200 1523 1266 patiatur
1555 1198 1762 1267 (Matth.
1779 1198 1865 1253 16.
1883 1197 1972 1267 26)
1994 1198 2018 1251 ?

450 1293 515 1345 Et
542 1304 898 1360 supervacuas
925 1289 1137 1343 divitias
1158 1290 1267 1357 jam
1293 1303 1608 1344 cvacuemus
1636 1290 1685 1342 iu
1718 1302 1977 1358 pauperes
1996 1328 2016 1354 ,

450 1397 801 1451 magnumque
848 1380 1119 1448 sapientia:
1156 1379 1313 1433 studii
1359 1379 1627 1448 specimen
1672 1379 1727 1432 in
1772 1377 2019 1432 omnibus

447 1473 822 1537 exliilieamus,
846 1487 1034 1525 vanam
1069 1471 1288 1541 gloriam
1317 1459 1666 1538 despicientes
1684 1510 1700 1532 ,
1728 1468 2016 1522 humanum

448 1565 637 1618 fastum
666 1563 1053 1623 conculcantes,
1080 1569 1135 1616 et
1159 1576 1314 1615 omne
1334 1560 1567 1615 caritatis
1590 1559 1823 1614 studium
1851 1558 1939 1613 alii
1964 1561 2019 1614 in

446 1654 583 1708 alios
606 1663 791 1707 mutuo
817 1651 1178 1720 impendentes
1208 1666 1221 1705 :
1252 1658 1388 1706 utet
1416 1650 1763 1719 pra-sentibus
1788 1658 1841 1704 et
1876 1648 2017 1703 futu-

448 1745 524 1798 ris
565 1745 717 1799 bonis
757 1743 950 1812 perfrui
995 1758 1315 1805 mereamur,
1358 1742 1524 1805 gratia
1563 1749 1618 1796 et
1656 1740 2016 1795 misericordia

434 1836 657 1890 Domini
686 1836 848 1889 nostri
879 1835 1007 1889 Jesu
1035 1834 1267 1897 Christi,
1302 1828 1392 1885 cui
1411 1839 1535 1881 cum
1561 1828 1718 1887 Patre
1755 1839 1809 1886 et
1832 1838 2016 1885 sancto

445 1927 642 1997 Spiritu
670 1927 737 1979 sit
764 1925 949 1995 gloria,
981 1924 1283 1993 imperium,
1308 1922 1498 1989 honor,
1525 1936 1664 1979 nunc
1690 1930 1744 1978 et
1768 1936 2013 1991 semper,

440 2029 499 2073 et
521 2020 570 2072 in
601 2017 794 2072 stecula
820 2014 1155 2069 sarculomim.
1186 2014 1376 2068 Amen.

1021 2144 1298 2200 HOMILIA
1337 2143 1444 2199 LV.

444 2256 511 2313 Et
539 2242 662 2313 discit
691 2258 862 2311 Laban
891 2259 957 2311 ad
987 2256 1147 2311 Jacob
1174 2273 1192 2312 :
1223 2257 1470 2323 Quoniam
1503 2257 1661 2326 frater
1692 2274 1828 2311 meus
1855 2274 1905 2312 es
1936 2269 2008 2327 tu,

514 2367 611 2406 non
636 2350 815 2405 servies
856 2349 950 2404 mei
995 2348 1191 2418 gratis;
1237 2348 1316 2401 dic
1358 2346 1515 2413 mihi,
1562 2363 1673 2419 qua:
1711 2364 1894 2405 merces
1924 2357 2010 2405 tua
2091 2358 2103 2369 '

519 2442 797 2512 (6011.919.
829 2440 953 2512 15).

518 2558 571 2614 1.
602 2555 787 2609 Paucis
815 2556 948 2610 dicta
972 2556 1081 2610 heri
1106 2556 1345 2621 resumit;
1374 2556 1725 2625 conﬁdentiam
1749 2557 1930 2613 Jacobi
1955 2560 2008 2615 in

439 2647 602 2702 Deum
628 2646 890 2713 praedicat.
916 2674 989 2684 —
1008 2644 1147 2699 Satis
1173 2644 1286 2700 heri
1317 2660 1380 2699 ex
1413 2646 1683 2714 prmludiis
1709 2649 2009 2717 peregrina-

439 2736 598 2789 tionis
636 2736 761 2804 justi
789 2736 963 2790 edocti
992 2750 1176 2791 sumus
1214 2744 1405 2805 quanta
1441 2736 1601 2791 fuerit
1626 2738 1740 2807 ejus
1766 2738 2004 2807 philoso-

435 2825 574 2895 phia:
603 2825 907 2894 magnitudo
926 2866 940 2889 ,
977 2836 1193 2895 prepter
1218 2842 1373 2895 quam
1403 2841 1615 2882 causam
1648 2837 1843 2889 tantam
1886 2844 2006 2896 pro-

435 2916 747 2971 missionem
776 2932 805 2972 a
836 2917 943 2973 Deo
967 2926 1324 2986 consequutus
1351 2926 1452 2973 est.
1487 2920 1678 2977 lterum
1707 2929 1881 2975 autem
1909 2935 2007 2990 per

433 3020 618 3075 preces
660 3016 715 3062 et
750 3016 931 3063 votum
956 3049 973 3074 ,
1018 3024 1135 3078 qua:
1178 3010 1303 3065 fecit
1349 3010 1711 3067 universorum
1758 3012 2000 3081 Domino,

432 3096 778 3153 sufﬁcientem
808 3098 1106 3157 doctrinam
1139 3100 1289 3157 nobis
1311 3101 1554 3157 omnibus
1577 3102 1739 3165 dedit,
1767 3105 1810 3159 si
1840 3104 2005 3161 γρηῦ-η

429 3203 550 3243 mus
590 3187 655 3247 ad
703 3188 1007 3249 imitandam
1053 3190 1297 3244 virtutem
1344 3190 1481 3251 illius
1509 3193 1747 3249 excitari.
1792 3194 2001 3253 Etenim

426 3277 778 3332 admiratione
820 3277 1035 3347 dignum
1080 3289 1193 3343 est,
1242 3280 1507 3349 quomodo
1535 3282 1782 3341 virtutem
1827 3285 2001 3343 sciens

429 3368 820 3437 promittentis.
852 3377 906 3425 et
930 3369 1151 3425 audiens
1190 3371 1605 3439 magnitudinem
1640 3372 1740 3431 sibi
1771 3375 1999 3443 promis-

425 3474 631 3525 eorum,
663 3474 836 3528 neque
875 3460 953 3514 sic
978 3475 1225 3529 magnum
1251 3461 1445 3529 aliquid
1475 3472 1530 3518 et
1565 3463 1792 3521 sublime
1820 3476 2000 3534 postu-

425 3550 536 3604 lare
562 3549 904 3617 attentaverit
930 3568 944 3604 :
968 3550 1065 3606 sed
1094 3550 1180 3605 illa
1208 3552 1480 3607 dumtaxat
1508 3554 1681 3622 petiit,
1706 3571 1829 3625 quas
1848 3557 1999 3613 audi-

422 3639 522 3695 stis
547 3638 659 3695 heri
682 3679 699 3703 ,
733 3654 923 3708 nempe
950 3655 1015 3695 ea
1038 3655 1155 3710 quae
1194 3640 1260 3697 ad
1299 3642 1659 3712 quotidianum
1687 3646 1994 3704 alimentum

413 3728 521 3782 sibi
549 3728 795 3783 sufﬁcere
823 3730 1057 3799 possint,
1085 3739 1140 3785 et
1176 3732 1544 3788 vestimentum
1592 3733 1657 3788 ad
1694 3750 1887 3804 corpus
1914 3746 1994 3793 te-

418 3819 648 3888 gendum
682 3837 695 3873 :
728 3828 783 3875 et
811 3820 1095 3889 promittit,
1130 3821 1175 3877 si
1205 3821 1429 3880 reditum
1461 3824 1560 3880 sibi
1602 3826 1655 3879 in
1683 3842 1774 3882 sua
1803 3843 1993 3884 conce-

418 3908 509 3963 dat
536 3908 694 3972 Deus,
725 3909 863 3964 sicut
889 3910 989 3965 sibi
1018 3912 1371 3981 promiserat,
1412 3914 1655 3971 daturum
1685 3931 1744 3972 se
1773 3918 1845 3972 illi
1875 3934 1991 3973 om-

417 4000 564 4053 nium
594 4016 713 4070 qua:
753 4000 822 4055 ab
862 4014 927 4055 eo
955 4001 1177 4070 accipiet
1203 4002 1436 4065 decimas
1464 4020 1478 4059 :
1505 4021 1601 4075 per
1628 4008 1803 4062 omnia
1835 4024 1989 4064 mon-

416 4097 594 4143 strans
619 4089 925 4158 religionem
954 4105 1124 4157 suam,
1154 4099 1208 4148 et
1232 4092 1399 4161 ipsum
1424 4094 1731 4152 adscribens
1754 4099 1990 4154 omnium

419 4178 761 4247 largitorem;
809 4178 1069 4249 docetque
1124 4195 1221 4235 nos
1264 4192 1321 4236 ut
1360 4183 1409 4239 ei
1455 4193 1654 4240 tantum
1704 4186 1989 4246 habeamus

416 4269 659 4338 gratiam.
691 4267 921 4323 Noverat
947 4272 1087 4324 enim
1123 4270 1297 4340 justus
1342 4273 1655 4331 ineffabilem
1693 4277 1807 4345 ejus
1835 4277 1987 4335 beni-

415 4357 701 4427 gnitatem,
732 4357 834 4413 hoc
861 4360 1165 4428 conjectans
1190 4376 1253 4416 ex
1281 4362 1344 4417 iis
1372 4380 1489 4433 qua:
1519 4365 1570 4419 in
1598 4377 1801 4437 patrem
1832 4385 1986 4428 suum

417 4446 751 4514 exhibuerat,
773 4456 826 4505 et
854 4449 1054 4504 sciebat
1079 4466 1207 4506 eum
1221 4451 1321 4507 sibi
1344 4468 1585 4524 magnam
1607 4458 1985 4518 abundantiam

414 4550 791 4593 concessurum
822 4554 941 4594 esse
970 4557 984 4593 :
1016 4550 1069 4596 et
1099 4541 1285 4597 horum
1314 4544 1525 4613 quidem
1558 4547 1667 4617 ipse
1697 4550 1824 4604 nihil
1857 4554 1987 4621 petit

412 4640 443 4679 a
475 4627 697 4681 Domino
718 4669 732 4694 ,
762 4644 930 4698 neque
959 4631 1067 4686 vult
1095 4632 1163 4688 de
1202 4634 1266 4691 iis
1294 4637 1496 4703 precari
1520 4678 1536 4701 ,
1567 4640 1659 4693 sed
1686 4655 1805 4695 cum
1834 4644 1984 4700 deci-

414 4731 528 4770 mas
551 4718 782 4772 omnium
809 4718 1051 4775 daturum
1077 4738 1134 4776 se
1156 4724 1455 4791 pollicetur,
1473 4729 1707 4784 ostendit
1729 4744 1983 4801 quantum

414 4806 466 4861 in
496 4808 747 4863 omnibus
766 4810 1064 4869 conﬁdebat
1091 4813 1207 4882 ejus
1231 4817 1477 4883 potentiae
1516 4819 1604 4888 qui
1647 4824 1980 4889 promiserat.

412 4898 695 4967 Pmpterea
722 4909 774 4954 et
799 4902 912 4971 ipse
939 4903 1155 4972 quando
1169 4917 1289 4959 cum
1310 4919 1375 4960 eo
1402 4906 1727 4976 loquebatur.
1751 4912 1978 4983 dicebat,

410 4987 521 5060 Ego
546 5006 659 5043 sum
690 4990 825 5045 Deus
848 4991 1100 5046 Abraham
1127 5003 1172 5047 et
1198 4992 1348 5049 Isaac
1374 4998 1529 5065 patris
1558 5000 1631 5052 tui
1651 5017 1671 5065 ;
1711 5018 1774 5056 ne
1807 5005 1980 5061 timeas

415 5084 434 5151 (
452 5082 576 5136 Gen.
600 5082 688 5138 26.
716 5083 843 5153 24).
874 5084 1052 5156 Cogita
1073 5126 1089 5152 ,
1121 5088 1322 5158 inquit,
1355 5100 1410 5145 et
1452 5095 1799 5161 patriarcham
1829 5102 1977 5169 quasi

412 5175 747 5245 peregrinum
779 5185 833 5230 et
861 5176 1096 5245 ignomm
1127 5178 1177 5231 iu
1212 5188 1406 5235 terram
1439 5182 1574 5239 hanc
1603 5185 1899 5255 advenisse,
1926 5200 1981 5247 ct

410 5263 461 5314 in
491 5274 686 5319 tantam
710 5268 913 5322 venisse
936 5268 1176 5338 gloriam,
1206 5280 1261 5325 ut
1286 5274 1518 5328 omnium
1543 5292 1636 5332 ore
1658 5280 1974 5337 celebretur.

408 5352 593 5422 Cogita
641 5357 763 5411 item
807 5367 861 5415 et
905 5369 1104 5426 patrem
1144 5370 1320 5428 tuum,
1358 5364 1409 5418 in
1440 5374 1677 5421 extrema
1708 5381 1979 5429 senectute

415 5445 547 5511 patri
572 5458 666 5499 suo
694 5456 869 5500 natum
897 5463 1035 5512 esse,
1064 5460 1221 5519 atque
1247 5453 1315 5507 ita
1342 5455 1530 5522 opibus
1553 5470 1763 5514 auctum
1790 5460 1974 5530 fuisse,

412 5541 468 5585 ut
499 5532 786 5590 invidiosus
814 5536 964 5592 ﬁeret
1008 5539 1285 5609 indigenis.
1331 5543 1529 5599 Eadem
1574 5547 1731 5615 igitur
1772 5560 1823 5604 et
1865 5552 1977 5619 ipse

412 5631 677 5691 exspecta,
720 5640 1035 5698 omnemque
1071 5630 1313 5686 timorem
1355 5641 1409 5687 et
1453 5636 1770 5694 anxietatem
1808 5641 1974 5711 depo-

1119 275 1179 330 S.
1216 273 1491 333 JOANNIS
1515 271 1993 331 CllRYSOSI‘OMl

2112 271 2339 329 μεωειλ
2378 272 2910 367 cousrsnrmor.
3370 348 3377 351 ‘
3569 283 3635 337 ei

2122 396 2276 447 nens,
2308 383 2782 453 penegrinationem
2820 384 2931 439 obi.
2962 384 3086 441 Haec
3118 397 3307 440 secum
3328 386 3554 456 cogitur:
3578 391 3637 459 in.

2118 479 2273 539 stus,
2313 487 2419 526 non
2456 472 2529 527 ad
2567 482 2887 544 pmentem
2915 476 3231 545 respiciebat
3259 486 3492 540 statum,
3519 478 3638 546 (uita

2119 564 2260 619 enim
2302 565 2520 619 omnino
2545 580 2726 621 secum
2767 567 3022 623 afferebat
3060 585 3074 623 :
3114 568 3390 637 quomodo
3432 570 3639 640 αἰωρο-

2121 655 2307 710 tuisset
2331 657 2419 725 qui
2446 658 2600 711 solus.
2624 667 2740 712 erat
2772 669 2827 713 et
2852 661 2951 714 iter
2990 658 3166 714 facere
3195 660 3555 729 cogebatur?)
3578 665 3639 717 sed

2115 746 2231 815 jam
2253 747 2374 802 ﬁdei
2402 748 2573 803 oculis
2600 761 2705 803 non
2745 750 2914 804 multo
2955 760 3077 819 post
3120 752 3352 805 futuram
3404 753 3638 819 przcvides.

2119 836 2495 892 abundantiam
2535 852 2685 893 suam
2707 879 2723 903 ,
2752 839 3054 895 declarabat
3088 850 3293 910 gratam
3323 841 3639 899 voluntstem:

2120 936 2176 981 et
2198 927 2288 997 qui
2316 927 2445 980 nihil
2473 927 2645 982 adhuc
2686 940 2984 998 acceperat,
3025 938 3219 996 vovet,
3262 930 3549 1001 digniorem
3575 933 3641 987 title

2119 1015 2427 1070 existimans
2458 1016 2860 1084 promissionem
2888 1019 3127 1086 Domini,
3154 1035 3317 1090 quam
3346 1035 3524 1075 rerum
3559 1039 3642 1090 pos-

2120 1104 2435 1160 sessionem.
2477 1105 2659 1175 Neque
2683 1109 2831 1163 enim
2865 1110 2933 1163 ita
2964 1109 3124 1165 ﬁdere
3164 1109 3432 1165 debemus
3461 1111 3533 1165 his
3565 1128 3641 1181 qn:

2121 1192 2173 1245 in
2219 1195 2461 1265 manibus
2490 1196 2745 1254 habemus
2775 1208 2830 1254 et
2857 1200 3126 1264 videmus,
3169 1213 3222 1255 ut
3253 1203 3645 1271 promissionum

2123 1283 2251 1348 Dei,
2298 1285 2503 1339 etiamsi
2551 1302 2655 1341 non
2703 1290 2948 1344 eveniant
2989 1293 3165 1347 statim
3211 1294 3392 1360 primo
3440 1303 3642 1361 tempore.

2119 1373 2300 1430 Justus
2341 1376 2499 1446 igitur
2546 1388 2753 1448 sumpta
2801 1381 2863 1433 iis
2906 1396 3022 1449 qua:
3070 1382 3205 1436 Deus
3250 1382 3468 1437 dixerat
3504 1383 3642 1439 ﬁdem

2119 1466 2368 1533 maxima,
2404 1469 2883 1538 peregrinationem
2911 1471 3061 1524 obiit.
3090 1470 3205 1537 Quo
3235 1482 3399 1540 pacto
3426 1475 3553 1527 enim
3573 1493 3641 1527 non

2119 1552 2311 1610 ﬁsurus
2338 1565 2513 1621 esset,
2558 1557 2642 1619 cui
2680 1558 2875 1611 dictum
2902 1572 3011 1613 erat
3037 1599 3053 1623 ,
3094 1560 3223 1615 Ecce
3254 1578 3346 1631 ego
3380 1572 3532 1614 tecum
3552 1581 3641 1625 sunt,

2117 1647 2400 1700 custodiens
2430 1656 2477 1701 te
2499 1647 2555 1701 in
2571 1650 2707 1700 omni
2726 1648 2825 1711 via,
2849 1665 2955 1718 qua
2971 1651 3131 1704 iturus
3160 1667 3210 1704 es
3234 1667 3254 1703 :
3280 1661 3326 1703 et
3353 1654 3642 1722 multiplicatis

2118 1752 2284 1790 seruen
2309 1747 2448 1790 tuum
2467 1778 2481 1799 ,
2521 1748 2567 1791 et
2595 1740 2833 1792 reducam
2860 1751 2907 1794 te
2932 1742 3113 1795 iterum
3137 1744 3187 1796 in
3217 1754 3416 1797 terram
3443 1746 3582 1810 haizc,
3614 1758 3643 1798 α

2118 1845 2216 1881 non
2240 1839 2286 1882 te
2310 1830 2651 1900 derelinquam
2672 1831 2821 1900 (Gen.
2843 1832 2933 1887 28.
2954 1834 3065 1903 i5),
3092 1850 3371 1905 usquequo
3395 1839 3641 1904 corripian-

2116 1925 2202 1973 tur
2230 1920 2489 1987 promissa
2510 1922 2733 1975 omnia?
2763 1921 2958 1978 Verum
2978 1964 2993 1991 ,
3024 1935 3083 1979 ut
3111 1925 3222 1979 heri
3255 1926 3369 1980 dixi
3398 1969 3417 1993 ,
3446 1932 3587 1998 Cogita
3607 1942 3641 1983 rt

2115 2009 2534 2078 omnipotentem
2563 2011 2657 2067 Dei
2686 2013 3020 2083 sapientiam,
3049 2024 3105 2071 et
3123 2016 3427 2085 justiillius
3453 2036 3641 2089 magnam

2114 2100 2424 2169 patientiam
2462 2111 2519 2156 et
2559 2111 2767 2171 gratum
2811 2104 3065 2161 animum.
3110 2108 3359 2162 Surrexit
3403 2110 3535 2163 enim
3560 2123 3637 2177 post

2113 2191 2493 2260 promissioues
2518 2193 2661 2257 illas,
2684 2202 2739 2247 et
2762 2194 2814 2249 in
2833 2194 3065 2255 Cbarran
3092 2199 3393 2264 contendit,
3424 2210 3476 2255 et
3500 2202 3639 2255 itemi-

2113 2282 2221 2350 agit
2266 2290 2323 2336 ut
2363 2284 2679 2355 peregrinus.
2707 2294 2760 2339 et
2806 2301 3009 2357 vagus,
3047 2297 3103 2343 et
3143 2288 3195 2345 in
3236 2290 3491 2345 omuibus
3513 2292 3637 2344 divina

2111 2372 2282 2442 gratia
2311 2372 2519 2437 fruitur,
2553 2374 2777 2445 benigno
2800 2376 2907 2431 Deo
2934 2376 3032 2446 ipsi
3057 2378 3424 2449 viatniubique
3456 2396 3639 2449 paratur,

2110 2473 2166 2519 et
2191 2479 2339 2519 suam
2367 2467 2771 2535 promissionem
2794 2467 3132 2537 adimplente.
3160 2470 3259 2537 Qui
3286 2474 3441 2527 enim
3466 2474 3638 2537 dixerat,

2110 2552 2300 2609 Tecum
2326 2568 2456 2623 sum,
2487 2548 2769 2612 custodiens
2798 2568 2845 2611 te
2883 2559 2936 2611 in
2965 2560 3100 2613 omni
3127 2562 3205 2614 via
3224 2603 3244 2625 ,
3273 2579 3377 2629 qua
3422 2566 3566 2618 itum
3592 2582 3639 2631 et,

2114 2643 2161 2700 is
2188 2643 2338 2699 duxit
2358 2644 2561 2714 justum
2589 2647 2654 2700 ad
2683 2647 2874 2702 fontem
2902 2662 3071 2717 aquae,
3103 2649 3190 2705 ubi
3216 2652 3493 2720 aquabant
3512 2664 3637 2723 pasto-

2110 2749 2196 2795 res
2238 2743 2395 2791 terrte
2438 2736 2625 2809 incola:
2667 2756 2682 2791 :
2725 2752 2757 2791 a
2794 2739 2986 2809 quibus
3028 2755 3147 2795 cum
3198 2742 3567 2815 interrogasset
3598 2748 3639 2801 de

2109 2824 2288 2881 Laban
2319 2826 2482 2883 fratre
2510 2829 2695 2884 matris
2739 2843 2883 2895 sum,
2932 2842 2985 2885 et
3030 2830 3301 2890 didicisset
3348 2835 3524 2889 omnia
3560 2854 3639 2904 qua

2106 2914 2247 2970 circa
2275 2916 2421 2970 illum
2448 2917 2767 2988 gerebantur
2793 2936 2808 2974 :
2838 2919 3032 2975 deinde
3060 2937 3179 2976 cum
3218 2932 3272 2980 ct
3309 2923 3476 2993 hujus
3502 2926 3640 2987 tiliam,

2107 3015 2162 3061 et
2184 3020 2372 3077 greges
2398 3008 2564 3063 oculis
2594 3018 2914 3077 spectasset,
2943 3011 3249 3082 videretque
3275 3013 3547 3085 indigenas
3568 3032 3641 3069 nos

2105 3094 2353 3151 sufﬁcere
2383 3107 2439 3152 ut
2467 3097 2692 3168 lapidem
2720 3114 2751 3153 a
2777 3100 2919 3155 fonte
2943 3101 3039 3170 ipsi
3069 3114 3407 3171 amoverent,
3447 3115 3497 3161 et
3522 3122 3638 3176 aqua

2104 3195 2226 3242 rent
2249 3201 2399 3253 oves,
2430 3188 2682 3255 accurrit,
2712 3198 2766 3244 ct
2794 3190 2844 3244 id
2888 3192 3027 3261 quod
3075 3194 3145 3247 illi
3185 3194 3369 3251 facere
3407 3212 3513 3252 non
3532 3198 3639 3251 valc-

2104 3279 2260 3343 bant,
2308 3280 2419 3347 ipse
2462 3295 2692 3350 superno
2739 3282 2933 3336 auxilio
2980 3283 3293 3350 roboratus,
3348 3289 3640 3357 praeveniens

2102 3370 2374 3431 beneficiis
2401 3371 2580 3428 Laban
2602 3414 2618 3439 ,
2657 3376 2858 3428 amovit
2890 3376 3112 3446 lapidem
3144 3385 3201 3431 et
3234 3378 3523 3448 adaquavit
3549 3397 3639 3435 oves

2100 3476 2231 3530 quas
2272 3462 2521 3531 pascebat
2550 3463 2771 3519 Rachel.
2811 3466 2937 3519 Dein
2973 3467 3059 3521 ubi
3100 3468 3379 3523 osculatus
3418 3481 3500 3525 est
3533 3474 3640 3541 puel-

2099 3552 2225 3621 lam,
2257 3564 2311 3610 et
2337 3554 2653 3624 signiﬁcavit
2675 3557 2792 3625 quis
2819 3566 2959 3611 esset
2986 3566 3042 3613 et
3068 3558 3211 3615 unde
3240 3561 3500 3626 venisset,
3529 3580 3639 3616 uian-

2099 3645 2171 3699 sit
2199 3646 2313 3714 ipse
2340 3645 2479 3715 apud
2508 3645 2725 3701 fontem.
2751 3646 2945 3703 Verum
2972 3649 3092 3719 quia
3116 3650 3255 3705 Deus
3281 3662 3406 3707 «ιι-..ι
3425 3654 3511 3723 qni
3535 3655 3640 3721 justo

2097 3734 2413 3804 disponebat
2438 3736 2647 3802 omnia,
2679 3736 2766 3791 hic
2789 3746 2844 3793 et
2871 3739 3100 3808 puellam
3129 3741 3386 3799 excitavit
3413 3756 3472 3799 ut
3492 3745 3643 3815 celei-

2097 3834 2177 3881 ter
2201 3836 2475 3893 curreret,
2502 3836 2658 3898 atque
2687 3828 2802 3893 haec
2830 3832 3169 3889 annuntiaret
3192 3836 3370 3904 patri,
3397 3837 3489 3906 qui
3512 3839 3641 3890 frater

2093 3916 2389 3986 erathujus
2417 3919 2602 3974 matris
2635 3937 2648 3973 :
2677 3930 3023 3993 narraretque
3064 3922 3389 3980 beneﬁcium
3426 3929 3562 3997 quod
3594 3928 3643 3981 ab

2093 4025 2160 4066 eo
2186 4010 2481 4081 praestitum
2519 4022 2661 4068 esset
2696 4022 2752 4070 ct
2789 4014 2842 4069 in
2884 4015 3053 4085 ipsam
3090 4025 3146 4072 et
3184 4017 3235 4072 in
3262 4032 3462 4089 ﬁrmes
3493 4030 3644 4075 :etse

2092 4116 2271 4171 neque
2293 4103 2629 4173 peregrinum
2654 4118 2794 4171 esse,
2836 4119 3010 4177 neque
3034 4106 3268 4177 ignotum
3287 4148 3306 4173 ,
3347 4110 3449 4167 sed
3470 4112 3642 4167 sorore

2164 4286 2365 4352 Quanta
2394 4296 2610 4343 veterum
2636 4288 2976 4358 hospitalitas.
3001 4290 3249 4362 Exemplo
3273 4293 3466 4349 Jacobi
3493 4297 3639 4365 probat

2089 4377 2258 4431 omnia
2281 4377 2493 4449 feliciter
2515 4379 2778 4433 succedere
2808 4380 2852 4434 ei
2878 4397 3023 4451 quem
3050 4380 3189 4438 Deus
3218 4384 3389 4453 juvat.
3419 4415 3495 4427 —
3524 4386 3639 4439 Con-

2087 4471 2262 4528 sidera
2280 4514 2295 4539 ,
2325 4473 2548 4528 obsecro
2566 4512 2581 4536 ,
2611 4473 2806 4529 dilecte
2826 4515 2841 4539 ,
2880 4474 3070 4531 divina:
3097 4474 3391 4546 Scriptura:
3434 4478 3637 4548 diligen—

2089 4564 2212 4619 tiam
2232 4598 2253 4630 ,ι
2297 4564 2563 4634 quomodo
2608 4565 2761 4627 nobis
2807 4567 2983 4621 omnia
3026 4568 3305 4625 manifeste
3362 4581 3633 4633 recursat.

2087 4654 2329 4711 docendo
2353 4670 2452 4712 nos
2471 4670 2650 4711 mores
2670 4665 2929 4725 veterum,
2949 4668 3002 4714 et
3021 4668 3233 4729 quantas
3256 4660 3308 4714 in
3330 4658 3638 4730 excipiemﬁ

2029 4781 2033 4785 ι
2089 4745 2381 4815 hospitibus
2426 4748 2622 4803 fuerint
2647 4747 2955 4803 alacritatis.
2996 4749 3127 4806 Nam
3157 4761 3214 4805 ut
3238 4752 3432 4822 puella:
3462 4752 3639 4807 indica-

2085 4848 2165 4891 ret
2195 4834 2545 4903 alacritatem,
2575 4851 2681 4891 non
2708 4831 3020 4907 simpliciter
3047 4839 3203 4903 dixit,
3232 4856 3350 4894 eam
3379 4841 3572 4895 abiisse
3594 4850 3633 4894 ct

2083 4926 2425 4982 aununtiasse
2460 4942 2578 4996 quae
2613 4926 2747 4981 facta
2787 4928 3029 4995 fuerant,
3058 4930 3151 4985 sed
3188 4931 3522 4993 cucurrisse.
3552 4932 3635 4985 bur

2084 5023 2197 5077 est,
2231 5030 2421 5084 magno
2454 5030 2575 5071 cum
2616 5017 2807 5085 gaudio
2834 5017 2999 5087 (Cap.
3024 5018 3114 5074 29.
3141 5037 3189 5073 υ.
3220 5019 3341 5091 t2).
3374 5020 3633 5076 Deindee'

2083 5104 2150 5158 de
2179 5104 2354 5159 Laban
2374 5145 2389 5169 ,
2418 5106 2505 5175 qui
2544 5114 2696 5176 pater
2725 5107 2865 5162 illius
2906 5119 3020 5163 erat
3042 5151 3058 5174 ,
3088 5110 3253 5175 dicit,
3281 5112 3426 5181 quod
3463 5115 3632 5167 auditis

2087 5196 2170 5253 his
2196 5214 2224 5248 a
2254 5197 2454 5265 virgine
2472 5238 2489 5262 ,
2515 5200 2809 5253 cucurrerit
2839 5210 2893 5254 et
2921 5201 3035 5269 ipse
3075 5204 3127 5256 in
3164 5218 3443 5258 occursum
3466 5204 3627 5270 Iacob,

2081 5294 2136 5339 et
2163 5285 2429 5339 osculatus
2455 5286 2525 5342 sit
2552 5301 2708 5355 eum,
2739 5296 2794 5343 et
2840 5289 3108 5346 induxerit
3144 5291 3199 5347 in
3239 5292 3459 5348 domum
3499 5309 3631 5350 sum

2085 5373 2242 5443 (Ibid.
2269 5390 2315 5428 υ.
2347 5375 2459 5447 i5).

2149 5466 2205 5521 2.
2236 5466 2516 5536 Postquam
2546 5477 2722 5523 autem
2746 5468 2926 5526 Laban
2954 5472 3132 5537 omnia
3158 5473 3437 5544 diligenter
3466 5475 3630 5532 didicit

2080 5555 2147 5609 ab
2172 5570 2235 5611 eo
2259 5598 2273 5622 ,
2321 5558 2405 5613 M.
2431 5557 2611 5623 Dixit,
2651 5559 2855 5629 inquit,
2886 5562 2933 5615 ei
2970 5577 2989 5615 :
3018 5562 3099 5617 Ea:
3140 5564 3330 5618 ossibus
3354 5566 3481 5621 meis
3513 5579 3559 5619 et
3582 5580 3631 5617 cs

2080 5662 2230 5699 carne
2252 5660 2358 5699 mea
2384 5664 2434 5702 es
2458 5659 2511 5701 tu
2538 5648 2689 5719 (Cap.
2716 5651 2831 5721 29).
2857 5652 3066 5709 Sororis
3086 5694 3101 5721 ,
3129 5654 3329 5728 inquit,
3355 5671 3493 5712 mea:
3520 5670 3626 5712 cum
