3782 6256
442 296 540 352 181
1022 295 1083 349 S.
1128 291 1413 348 JOANNIS
1470 286 1959 345 CIIIWSOS’I'OMI
2006 285 2320 346 ARCIIIEP.
2358 290 2908 348 CONSTANTINOP.

434 413 532 481 τῆς
560 410 698 479 ἐμῆς
728 406 1009 476 τυγχάνων
1035 408 1167 469 υίὸς,
1192 406 1341 457 οὑδὲν
1366 405 1571 475 ἕτερον,
1609 405 1642 474 ἢ
1688 404 1823 475 σάρξ
1849 403 2005 475 ἡμῶν

433 493 747 562 τυγχάνεις,
779 492 873 542 καὶ
894 490 1118 557 ἀδελφὸς
1142 489 1425 558 ἡμέτερος.
1449 489 1559 541 Καὶ
1581 485 1651 559 ἦν
1681 490 1797 559 μετ’
1818 484 2002 548 αὑτοῦ,

436 579 590 646 φησι,
630 574 773 645 μῆνα
824 572 1065 643 ἡμερῶν.
1100 572 1296 624 Λοιπὸν
1320 572 1396 634 ὡς
1438 574 1496 624 ἐν
1528 573 1673 643 οἰκίᾳ
1708 571 1831 644 ἰδία,
1865 569 2007 623 οὕτω

434 661 618 728 διῆγεν
642 658 911 718 ὀδίκαιος,
939 657 996 709 ἐν
1026 655 1179 725 ἀδείᾳ.
1200 656 1479 725 τυγχάνων
1509 658 1603 708 καὶ
1630 656 1809 723 πάσης
1831 652 2006 721 ἀπηλ-

433 744 537 808 λαγ
545 741 702 811 μένος
726 738 1026 807 φροντίδος.
1073 738 1209 789 Ἀλλ’
1232 737 1416 808 ἐπειδὴ
1442 737 1573 801 Θεὸς
1596 733 1664 807 ἦν
1683 738 1711 789 6
1736 736 1806 789 τὰ
1829 735 2007 788 πάντα

434 824 570 895 πρὸς
592 822 652 874 τὸ
681 822 958 891 συμφέρον
977 821 1273 889 οἰκονομῶν
1299 819 1376 889 τῷ
1400 819 1591 890 δικαίῳ
1618 819 1810 889 τούτῳ,
1835 818 1929 870 καὶ
1948 820 2005 870 ἐν

433 907 635 960 ἅπασιν
649 904 914 974 αὑτῷὶτὴν
934 904 1062 973 παρ’
1082 902 1274 955 ἑαυτοῦ
1303 903 1593 972 συνεργίαν
1626 899 2001 971 χαριζόμενος,

430 984 583 1051 οὗτος
616 987 707 1040 καὶ
754 985 848 1037 τοῦ
882 985 1063 1038 Λάὸαν
1090 985 1188 1054 τὴν
1250 984 1557 1055 προθυμίαν
1603 984 1864 1054 διήγειρε,
1912 982 2005 1034 καὶ

429 1071 572 1142 όρῶν
604 1068 695 1122 1:06
726 1068 920 1137 ἀνδρὸς
954 1068 1051 1136 τὴν
1092 1066 1408 1127 ἐπιείκειαν,
1438 1068 1590 1137 ,φησὶ
1629 1067 1764 1135 πρὸς
1804 1065 1966 1117 αὑτόν
1988 1081 2001 1094 ·

431 1154 580 1226 [553]
611 1154 737 1205 Ὅτι
776 1153 887 1219 γὰρ
908 1150 1170 1218 ἀδελφός
1187 1166 1304 1213 μου
1336 1146 1394 1202 εἷ
1418 1150 1518 1212 σὺ,
1552 1151 1623 1202 οὐ
1649 1149 2005 1213 δουλεύσεις

424 1255 523 1307 μοι
559 1233 818 1303 δωρεάν·
863 1233 1231 1301 ἀπάγγειλόν
1267 1249 1369 1299 μοι
1392 1272 1406 1293 ,
1454 1234 1545 1297 τίς
1582 1236 1614 1285 ό
1646 1232 1862 1301 μισθός
1888 1246 2003 1284 σου

426 1320 619 1373 ἐστίν.
658 1318 798 1387 Ὅρα
838 1315 952 1378 πῶς
982 1316 1078 1385 μὲν
1122 1316 1282 1377 αὑτὸς
1314 1314 1647 1385 ἐπεζήτησεν
1691 1315 1860 1377 οὐδὲν,
1891 1314 1920 1363 6
1945 1313 2002 1365 δὲ

429 1402 615 1456 Λάόαν
646 1400 804 1470 μόνον
829 1399 921 1467 ἀφ’
955 1398 1151 1450 ἑαυτοῦ
1178 1396 1335 1449 τοῦτο
1361 1397 1648 1467 προτίθησι
1681 1397 1758 1466 τῷ
1785 1396 2001 1461 δικαίῳ.

429 1484 537 1536 Kal
568 1483 757 1535 σκόπει
793 1497 882 1549 μοι
914 1477 1052 1541 πῶς,
1087 1478 1303 1532 ἐπειδάν
1335 1478 1438 1531 ὑπὸ
1470 1479 1567 1547 τῆς
1590 1477 1793 1531 ἀνωθεν
1823 1478 2003 1548 χειρός

427 1584 509 1629 τις
548 1564 831 1634 βοηθῆται,
875 1562 1051 1615 πάντα
1097 1560 1245 1630 αὑτῷ
1277 1560 1417 1614 κατά
1454 1559 1581 1630 ροὗν
1615 1561 1882 1631 πρόεισιν.
1920 1562 2000 1613 Οὺ

425 1648 779 1711 δουλεύσεις
805 1662 926 1713 μοι,
968 1644 1119 1712 φησὶ,
1166 1642 1423 1708 δωρεάνο
1474 1641 1842 1712 ἀπάγγειλόν
1877 1658 1999 1710 μοι,

424 1732 518 1796 τίς
560 1733 589 1784 ό
616 1729 831 1797 μισθός
860 1742 980 1778 σου
1028 1726 1180 1777 ἐστί.
1224 1724 1408 1776 Καίτοι
1444 1725 1741 1794 ἀγαπητῶς
1781 1720 1924 1795 εἶχεν
1974 1726 2002 1777 6

428 1813 695 1886 μακάριος
719 1807 890 1873 οὗτος,
923 1808 1015 1861 καὶ
1048 1808 1108 1859 τὸ
1138 1806 1325 1868 ἁπλῶς
1356 1809 1454 1878 τῆς
1483 1809 1762 1879 ἐφημέρου
1788 1806 2001 1877 τροφῆς

424 1895 737 1956 ἀπολαύειν,
766 1893 858 1945 καὶ
892 1890 1087 1960 πολλὴν
1113 1890 1206 1943 καὶ
1235 1890 1375 1960 ὑπὲρ
1403 1888 1591 1943 τούτου
1619 1890 1810 1960 ἢθελεν
1854 1887 2002 1958 αὑτῷ

422 1979 580 2051 χάριν
612 1976 754 2045 ἔχειν
774 1991 785 2003 ο
820 1974 934 2026 ἀλλ’
961 1971 1146 2042 ἐπειδὴ
1173 1972 1334 2034 αὑτὸς
1364 1971 1561 2041 πολλὴν
1582 1972 1678 2041 τὴν
1702 1970 2002 2023 ἐπιείκειαν

422 2061 752 2126 ἐπεδείξατο,
783 2057 1069 2129 προλαϐὼν
1098 2059 1127 2109 ὀ
1154 2055 1340 2108 Λάὸαν
1366 2054 1556 2123 μισθὸν
1585 2054 1734 2125 αὑτῴ
1761 2054 2000 2107 τελέσειν

424 2146 786 2213 ὑπισχνεῖται,
817 2142 877 2194 ὃν
919 2140 984 2193 ἂν
1014 2138 1177 2201 αὑτὸς
1206 2138 1404 2209 προθῇ.
1447 2138 1511 2190 Τί
1544 2133 1637 2191 06v
1686 2140 1714 2191 6
1757 2138 1998 2204 δίκαιος;

422 2227 567 2297 Ὅρα
588 2242 677 2296 μοι
707 2224 799 2277 καὶ
834 2220 1066 2275 ἐνταῦθα
1090 2220 1190 2288 τῆς
1224 2220 1491 2281 συνέσεως
1514 2219 1676 2272 αὑτοῦ
1697 2219 1797 2289 τὴν
1831 2220 2001 2292 ὑπερ-

423 2308 605 2379 σολὴν,
636 2307 730 2360 καὶ
756 2306 873 2367 πῶς
906 2303 1162 2373 οὐδεμίαν
1196 2301 1309 2371 ἔχει
1345 2303 1473 2371 περὶ
1507 2303 1802 2372 χρημάτων
1825 2302 2003 2355 συλλο-

424 2395 527 2464 γὴν
560 2389 876 2461 ἐπιθυμίαν,
907 2388 1027 2441 οὑδὲ
1056 2385 1309 2455 καθάπερ
1349 2384 1619 2454 μισθωτός
1657 2401 1741 2449 τις
1781 2385 2003 2457 ἀκριὸο-

424 2476 661 2544 λογεῖται
693 2473 828 2543 πρὸς
848 2472 940 2523 τὸν
962 2470 1167 2535 Λάϐαν,
1194 2469 1289 2521 καὶ
1313 2468 1499 2539 ἐτερόν
1527 2486 1579 2520 τι
1605 2468 1844 2532 ἀπαιτεῖ,
1865 2468 2003 2523 άλλά

426 2557 771 2631 μεμνημένος
792 2554 892 2624 τῆς
919 2553 1122 2624 μητρὸς
1152 2553 1245 2605 καὶ
1273 2550 1384 2604 τῶν
1402 2551 1631 2604 ἐντολῶν
1659 2552 1751 2605 τοῦ
1774 2552 1999 2623 πατρὸς,

425 2643 517 2696 καί
551 2640 652 2709 τῆς
688 2638 893 2699 οἰκείας
924 2634 1280 2705 σωφροσύνης
1308 2634 1521 2696 δεικνὺς
1552 2635 1651 2704 τὴν
1678 2634 1999 2706 ὑπερϐολὴν,

423 2723 559 2795 φησὶ
588 2722 724 2791 πρὸς
746 2720 836 2771 τὸν
866 2718 1051 2772 Λάὸαν
1068 2734 1081 2747 ο
1104 2718 1422 2770 Δουλεύσω
1447 2732 1545 2771 σοι
1570 2717 1720 2772 ἑπτὰ
1742 2719 1844 2785 ἐτη
1869 2718 2002 2786 περὶ

434 2805 663 2875 Ῥαχὴλ
691 2803 800 2871 τῆς
828 2802 1119 2871 θυγατρός
1145 2817 1261 2853 σου
1297 2798 1410 2866 τῆς
1436 2799 1746 2868 νεωτέρας.
1786 2799 2001 2871 Ταύτην

423 2892 529 2963 γάρ
553 2891 610 2955 ἐξ
634 2888 808 2959 ἀρχῆς
838 2886 1172 2955 θεασάμενος
1199 2884 1288 2936 ἐπὶ
1310 2884 1402 2936 τοῦ
1432 2884 1685 2955 φρέατος,
1718 2886 1999 2954 ἠγάπησα.

425 2978 533 3030 Kal
562 2976 665 3044 ὅρα
697 2970 1116 3039 εὐγνωμοσύνην
1141 2968 1351 3039 ἀνδρός.
1393 2966 1603 3037 Ἑαυτῷ
1632 2968 1724 3019 καὶ
1751 2968 1841 3021 τὸν
1872 2970 1999 3038 χρό-

424 3078 511 3114 νον
537 3057 728 3128 ὁρίζει,
759 3055 853 3111 κἰὶ
882 3053 967 3105 διὰ
993 3052 1086 3104 τοὺ
1114 3052 1304 3120 χρόνου
1337 3049 1445 3102 τῶν
1472 3051 1609 3102 ἐτῶν
1634 3052 1823 3120 ίκανὴν
1845 3051 2003 3121 βάσα.

427 3160 511 3195 νον
544 3140 643 3208 τῆς
671 3136 877 3198 οἰκείας
908 3133 1263 3203 σωφροσύνης
1301 3133 1545 3201 παρέχει.
1581 3132 1685 3186 Καὶ
1712 3135 1763 3186 τί
1793 3135 2003 3206 θαυμά-

424 3225 558 3290 ςεις,
590 3220 861 3289 ἀγαπητὲ,
917 3217 1132 3270 ἀκούων
1160 3218 1241 3269 ὅτι
1286 3216 1425 3267 ἐπτὰ
1455 3216 1550 3286 ἐτη
1582 3216 1852 3270 δουλεύειν
1909 3221 2003 3271 ὑπο

424 3309 614 3377 ἐσχετο
635 3303 776 3371 ὑπὲρ
814 3302 909 3371 τῆς
941 3298 1310 3368 ἀγαπωμένης
1334 3299 1533 3368 κόρης;
1568 3299 1681 3351 Ἵνα
1716 3300 1821 3372 γὰρ
1855 3301 2001 3373 δείξῃ

428 3395 456 3463 ἡ
490 3391 609 3444 θεία
640 3384 849 3458 Γραφὴ.
884 3385 1030 3445 ὅπως
1072 3384 1098 3434 6
1132 3381 1293 3444 πόθος
1322 3383 1350 3433 6
1377 3381 1544 3444 πολὺς
1578 3383 1876 3452 ἐπετέμετο
1911 3387 2002 3438 καὶ

424 3476 514 3529 τὸν
539 3474 783 3541 κάματον
811 3467 958 3536 αὑτῴ
989 3466 1082 3521 καὶ
1125 3463 1219 3517 τοῦ
1263 3464 1455 3534 χρόνου
1504 3464 1565 3517 τὸ
1602 3465 1795 3535 μῆκος,
1829 3470 1961 3539 φησί
1984 3486 2001 3503 ο

425 3558 534 3613 Καὶ
567 3554 936 3609 ἐδούλευσεν
985 3547 1192 3604 Ἰακὼϐ
1244 3548 1377 3616 περὶ
1422 3547 1648 3616 Ῥαχὴλ
1696 3550 1844 3604 ἑπτὰ
1874 3552 2000 3618 ἐτη,

424 3641 521 3695 καὶ
546 3635 709 3709 ἦσαν
726 3633 1003 3689 ἐναντίον
1032 3631 1217 3685 αὐτοῦ
1242 3632 1323 3696 ὡς
1356 3630 1569 3700 ἡμέραι
1603 3632 1820 3702 ὀλίγαι,
1844 3634 2005 3702 παρὰ

423 3724 489 3780 τὸ
522 3718 763 3793 ἀγαπᾷν
785 3717 972 3777 αὐτὸν
996 3714 1212 3782 αὐτὴν.
1253 3714 1309 3767 ’0
1335 3714 1443 3768 τῶν
1469 3714 1627 3781 ἐπτά,
1657 3718 1841 3786 φησιν,
1865 3718 2002 3773 ἐτῶν

422 3806 653 3879 ἀριθμὸς
706 3802 884 3869 ὀλίγαι
938 3798 1141 3870 ἡμέραι
1171 3798 1483 3867 ἐνομίζοντο
1525 3797 1613 3851 διὰ
1642 3799 1739 3869 τὴν
1784 3800 2004 3871 ἀγάπην

422 3890 521 3960 τὴν
556 3884 999 3958 ὑπερϐάλλουσαν
1039 3884 1135 3952 τὴν
1160 3882 1287 3951 περὶ
1315 3882 1413 3950 τὴν
1455 3881 1642 3952 κόρην.
1682 3883 1849 3935 Ὅταν
1896 3884 2004 3954 γὰρ

424 3972 607 4044 τρωθῇ
630 3987 714 4031 τις
744 3968 819 4037 τῷ
848 3967 997 4035 πόθῳ
1025 3967 1120 4035 τῆς
1153 3967 1393 4034 ἀγάπης,
1427 3966 1578 4018 οὐδὲν
1616 3967 1717 4036 ὁρᾷ
1742 3966 1849 4019 τῶν
1880 3967 2006 4019 δυσ-

425 4055 619 4126 χερῶν,
642 4051 769 4117 νάλλ’
806 4049 949 4118 άπερ
987 4049 1051 4100 ἀν
1138 4047 1397 4101 κινδύνων
1437 4048 1627 4117 μεστά,
1684 4049 1775 4101 καὶ
1806 4049 2005 4119 πολλῆς

428 4139 619 4206 ἐτέρας
652 4132 1047 4200 ταλαιπωρίας,
1087 4131 1265 4182 πάντα
1295 4130 1509 4197 κούφως
1548 4132 1735 4199 φέρει,
1774 4132 1909 4201 πρὸς
1946 4132 2003 4185 ἒν

426 4221 567 4290 ὀρῶν
603 4218 786 4287 μόνον,
840 4213 981 4266 ὥστε
1014 4212 1104 4264 τὸν
1132 4213 1326 4264 οἰκεῖον
1365 4213 1758 4283 ἀποπληρῶσαι
1823 4215 1999 4269 πόθον.

510 4301 821 4369 Ἀκούωμεν
853 4298 901 4349 οἱ
935 4295 1167 4368 ρᾴθυμοι
1191 4296 1281 4347 καὶ
1311 4296 1777 4363 ἀναπεπτωκότες,
1801 4299 1850 4350 οι
1879 4298 2005 4351 πολ-

426 4388 524 4460 λὴν
547 4386 673 4457 περὶ
704 4384 794 4437 τὸν
824 4381 1100 4451 Δεσπότην
1131 4381 1525 4451 ἀγνωμοσύνην
1556 4382 2000 4453 ἐπιδεικνύμενοι.

426 4475 492 4526 Εἰ
524 4472 630 4542 γὰρ
659 4472 686 4523 6
718 4469 925 4529 δίκαιος
949 4460 1098 4530 οὗτος
1123 4466 1209 4519 διά
1240 4466 1327 4518 τὸν
1348 4467 1445 4536 τῆς
1477 4467 1644 4537 κόρης
1673 4468 1837 4520 πόθον
1866 4469 2005 4523 ἐπτά

430 4555 562 4609 ἐτῶν
586 4552 817 4624 ἀριθμὸν
846 4550 1127 4603 δουλεῦσαι
1153 4548 1492 4615 κατεδέξατο,
1524 4552 1618 4601 καὶ
1645 4549 1743 4620 τὴν
1775 4551 1882 4602 ἀπὸ
1908 4552 2006 4619 τῆς

429 4637 751 4708 ποιμενικῆς
776 4634 1150 4704 ταλαιπιοιρίαν
1186 4634 1494 4703 ὑπομεῖναι,
1536 4633 1627 4685 καὶ
1660 4633 1777 4685 οὑδέ
1822 4634 2007 4704 αἴσθη-

427 4739 513 4774 σιν
542 4720 844 4790 ἐλάμϐανεν
873 4718 933 4770 οὑ
957 4717 1065 4770 τῶν
1092 4716 1290 4779 πόνων,
1326 4716 1386 4766 οὑ
1416 4714 1507 4766 τοῦ
1538 4718 1743 4786 μήκους
1764 4716 1856 4769 τοῦ
1881 4719 2007 4786 χρό-

426 4822 542 4867 νου,
574 4802 712 4857 ἀλλὰ
744 4803 920 4856 πάντα
951 4800 1097 4869 αὑτῷ
1121 4799 1293 4866 κοῦφα
1322 4798 1413 4850 καὶ
1437 4798 1595 4868 ῥᾴδια
1624 4799 1893 4867 ἐφαίνετο,
1915 4802 2006 4853 καὶ

424 4892 492 4960 τῇ
513 4887 806 4959 προσδοκία
829 4887 925 4954 τῆς
946 4882 1298 4944 ἀπολαύσεως
1314 4882 1664 4950 τρεφόμενος,
1692 4882 1768 4945 ὡς
1794 4884 2004 4953 ἡμέρας

424 4974 610 5040 ὀλίγας
638 4972 726 5024 τὸν
759 4970 921 5023 πολὺν
950 4970 1157 5020 ἐκεῖνον
1185 4961 1321 5018 εἶναι
1355 4964 1542 5035 χρόνον
1568 4965 1813 5034 ἐνόμιζε·
1848 4968 2002 5020 ποίαν

426 5059 585 5127 ⁴ἡμεῖς
620 5056 811 5125 ἕξομεν
840 5051 1131 5119 ἀπολογίαν
1163 5049 1296 5120 μηδὲ
1331 5049 1418 5101 τὸν
1459 5050 1638 5117 ὅμοιον
1679 5049 1842 5103 πόθον
1873 5052 2000 5123 περὶ

426 5142 516 5193 τὸν
549 5140 823 5208 Δεσπότην
844 5137 933 5190 τὸν
952 5134 1237 5205 ἡμέτερον,
1268 5133 1355 5185 τὸν
1380 5134 1690 5204 εὐεργέτην,
1724 5134 1813 5186 τὸν
1840 5136 1981 5205 κηδε-

434 5222 590 5289 μόνα,
647 5222 735 5273 τὸν
786 5221 959 5274 πάντα
1011 5220 1139 5288 ἡμῖν
1187 5216 1467 5285 γινόμενον
1522 5216 1995 5287 ἐπιδεικνύμενοι;

442 5302 579 5354 Ἀλλ’
614 5304 678 5354 ἂν
704 5303 799 5371 μέν
835 5302 1081 5370 βιωτικὸν
1107 5299 1291 5369 κέρδος
1323 5299 1625 5368 πρόκειται,
1652 5302 1826 5353 πάντα
1860 5319 1993 5372 προ-

430 5385 616 5453 θύμως
640 5386 925 5453 ὑπομένειν
954 5382 1274 5454 αἱρούμεθα,
1314 5382 1417 5435 κᾶν
1466 5383 1711 5451 κάματον
1740 5382 1859 5453 ἔχῃ.
1891 5385 1995 5437 κᾶν

431 5467 595 5537 ἀλλην
623 5471 743 5522 τινὰ
791 5468 1178 5538 ταλαιπωρίαν,
1211 5468 1313 5520 κᾶν
1344 5465 1621 5535 αἰσχύνην,
1646 5465 1746 5519 κᾶν
1779 5467 1997 5521 κόλασιν

428 5551 527 5621 τὴν
555 5552 611 5602 ἐν
636 5550 713 5619 τῷ
740 5552 986 5616 παρόντι,
1027 5551 1122 5620 τὴν
1177 5552 1232 5602 ἐν
1263 5549 1337 5620 τῷ
1370 5549 1611 5616 μέλλοντι
1637 5565 1649 5578 ·
1697 5550 1784 5600 διὰ
1812 5550 1868 5602 δὲ
1900 5550 1997 5619 τὴν

429 5634 704 5704 ἡμετέραν
741 5634 1035 5702 σωτηρίαν,
1076 5632 1168 5684 καὶ
1201 5632 1338 5700 ὑπὲρ
1368 5630 1458 5682 τοῦ
1502 5631 1601 5699 τὴν
1640 5632 1842 5685 ἀνωθεν
1880 5635 1998 5684 ἐπι-

432 5716 743 5771 σπάσασθαι
771 5715 1165 5785 ῥοπὴν,χαῦνοι
1192 5717 1278 5769 καὶ
1308 5714 1754 5777 ἀναπεπτωκότες
1778 5717 1869 5768 καὶ
1891 5718 1998 5766 δια-

3581 294 3686 349 689

2114 401 2392 474 λελυμένοι
2414 406 2735 476 φαινόμεθα.
2760 407 2870 461 Kal
2898 405 3025 461 ποία
3042 406 3172 478 ἡμῖν
3189 407 3338 460 ἔσται
3364 408 3681 479 συγγνώμη,

2113 485 2196 549 τίς
2219 487 2275 538 δὲ
2300 490 2565 557 ἀπολογία
2592 490 2734 544 οὑτω
2762 489 3020 561 ῥᾳθύμως
3044 490 3426 561 διακειμένοις,
3452 493 3683 545 mla-361

2112 568 2236 622 ὅσον
2261 572 2287 623 ὀ
2321 574 2588 643 μακάριος
2619 567 2774 637 οὗτος
2807 576 2937 643 περὶ
2969 575 3136 643 κόρην
3163 573 3254 625 τὸν
3288 572 3451 626 πόθον
3477 574 3687 626 ἐπεδείο

2116 650 2262 716 ξατο,
2294 655 2561 726 τοσαύτην
2613 657 2833 726 ἀγάπην
2859 658 2990 727 περὶ
3032 657 3124 709 τὸν
3157 655 3288 709 Θεὸν
3318 656 3685 722 ἐπιδείξασθαι

2116 732 2480 806 βουλομένοις,
2510 738 2807 792 καὶταῦτα
2867 739 3136 802 τοσαύτας
3181 738 3391 808 ἔχοντες
3434 739 3686 807 ἀριθμεῖν

2113 819 2428 887 εὐεργεσίας
2451 822 2529 883 είς
2558 823 2703 891 ἡμᾶς
2743 822 3133 892 γεγενημένας,
3180 822 3272 874 καὶ
3294 820 3412 873 καθ’
3449 822 3685 890 ἑκάστην

2118 898 2264 971 [534]
2293 902 2504 974 ἡμέραν
2534 906 2823 974 γινομένας
2849 922 2864 971 ;
2916 903 3054 957 Ἀλλ’
3090 908 3137 957 εἰ
3183 905 3277 957 καὶ
3307 907 3465 975 ἡμεῖς
3512 902 3683 965 οὕτως

2114 983 2444 1055 ἀγνώμονες,
2486 987 2599 1039 ἀλλ’
2631 990 2729 1056 οὑχ
2777 990 2806 1040 6
2855 987 3064 1049 Παῦλος
3114 987 3283 1049 οὕτως
3308 1025 3322 1047 ,
3358 989 3387 1037 ό
3432 982 3683 1037 τοσοῦτον

2115 1064 2249 1127 ζέων
2272 1066 2350 1137 τῷ
2377 1068 2666 1139 πνεύματι,
2699 1073 2794 1123 καὶ
2822 1069 3210 1140 πεπυρωμένος
3231 1070 3309 1130 είς
3329 1069 3419 1120 τὸν
3449 1068 3577 1135 περ).
3594 1066 3685 1119 τὸν

2112 1147 2244 1202 Θεὸν
2263 1150 2443 1215 πόθον,
2467 1152 2542 1215 ὡς
2571 1154 2751 1206 ἐκεῖνα
2776 1153 2845 1205 τὰ
2865 1152 2966 1221 τῆς
2980 1152 3157 1223 ψυχῆς
3182 1150 3344 1203 αῢτσῦ
3369 1148 3495 1214 ἄξια
3518 1149 3681 1217 φωτ-

2114 1236 2305 1301 ξασθαι
2340 1240 2559 1310 ῥήματα
2580 1242 2673 1294 καὶ¹
2698 1242 3018 1311 ἀναϐοῆσαι,
3050 1241 3143 1293 καὶ
3172 1241 3371 1292 εἰπεῖν’
3411 1239 3507 1303 Τις
3529 1237 3682 1306 ἡμᾶς

2112 1326 2351 1393 χωρίσει
2401 1327 2520 1379 ἀπὸ
2568 1326 2674 1394 τῆς
2709 1327 2947 1395 ἀγάπης
2965 1327 3071 1381 τοῦ
3094 1325 3391 1395 Χριστοῦ;
3420 1326 3564 1395 Ὅρα
3592 1324 3681 1377 λέ-

2112 1410 2247 1476 ξεως
2279 1412 2516 1481 ἔμφασιν
2536 1430 2550 1444 ο
2598 1415 2700 1484 δρα
2748 1414 2913 1466 πόθου
2940 1411 3263 1484 τυραννικοῦ
3317 1412 3514 1481 μανίαν
3537 1430 3552 1443 υ
3581 1413 3681 1481 ὅρα

2112 1501 2331 1572 ἀγάπην
2354 1504 2772 1574 πεπυρωμένην.
2799 1506 2891 1569 Τίς
2910 1502 3071 1573 ἡμᾶς
3090 1502 3360 1571 χωρίσεκ
3384 1502 3473 1564 Τί,
3498 1503 3679 1570 φησὶν,

2112 1588 2277 1649 ἐστὶν,
2312 1589 2340 1641 6
2365 1588 2586 1642 δύναται
2615 1590 2714 1659 τῆς
2744 1589 2964 1658 ἀγάπης
3007 1591 3155 1660 ἡμᾶς
3186 1589 3563 1659 ἀποστερῆσαι
3588 1588 3682 1655 τῆς

2112 1674 2246 1743 πρὸς
2268 1674 2357 1726 τὸν
2388 1674 2518 1727 Θεόν
2538 1692 2552 1739 ;
2574 1676 2627 1728 τί
2653 1676 2761 1729 τῶν
2788 1676 3099 1746 ὁρωμένων,
3140 1675 3195 1727 τί
3227 1675 3336 1728 τῶν
3372 1677 3449 1745 μὴ
3472 1675 3682 1745 ὁρωμέ-

2114 1780 2219 1814 νων
2239 1778 2255 1826 ;

2181 1846 2248 1916 γ’.
2284 1843 2417 1901 Εἶτα
2457 1848 2775 1918 βουλόμενος
2796 1848 2889 1901 καὶ
2922 1850 3042 1901 κατ’
3073 1842 3211 1911 εἶδος
3236 1849 3452 1902 ᾶπαντα
3480 1849 3680 1919 an“-

2112 1933 2443 2005 θμήσασθαι,
2469 1936 2562 1989 καὶ
2585 1938 2749 1989 πᾶσιν
2768 1938 2900 2006 ἡμῖν
2923 1936 3221 2006 κατάδηλον
3238 1936 3571 2006 ποιήσασθαι
3593 1938 3681 1989 τὸν

2111 2023 2273 2075 πόθον
2296 2022 2385 2077 τὸν
2407 2023 2729 2087 ἀκάθεκτον,
2751 2024 2810 2075 ὃν
2838 2025 2965 2093 περὶ
2986 2024 3076 2075 τὸν
3098 2024 3375 2094 Δεσπότην
3400 2024 3680 2094 ἐκέκτητο,

2111 2110 2357 2179 ἐπήγαγε
2390 2109 2561 2179 λέγων
2584 2126 2597 2139 ·
2634 2112 2870 2178 Θλίψις,
2917 2112 2954 2178 ἢ
2986 2112 3371 2179 στενοχωρία,
3401 2112 3441 2178 ἢ
3485 2113 3677 2180 λιμὸς,

2110 2197 2149 2263 ἢ
2173 2196 2444 2266 διωγμὸς.
2480 2198 2515 2265 ἢ
2549 2199 2869 2267 γυμνότης,
2898 2200 2936 2265 ἣ
2987 2199 3289 2263 κίνδυνος.
3317 2198 3355 2265 ἣ
3385 2198 3676 2266 μάκαιραι

2116 2284 2180 2335 Ὤ
2202 2284 2379 2354 ψυχῆς
2433 2285 2764 2355 μαινομένης
2804 2286 3000 2355 μανίαν
3041 2285 3394 2355 σωφροσύνης
3432 2289 3674 2357 μητέραξ

2112 2370 2197 2432 Τί,
2229 2372 2383 2441 φησὶ,
2405 2371 2515 2423 τῶν
2532 2371 2885 2441 ἐπαγομένων
2913 2373 3042 2441 ἡμῖν
3071 2372 3355 2442 δυνήσεται
3383 2375 3532 2442 ἡμᾶς
3552 2376 3679 2425 ἀπο-

2113 2458 2305 2527 στῆσαι
2351 2458 2449 2528 τῆς
2507 2459 2644 2527 πρὸς
2669 2460 2757 2512 τὸν
2814 2458 2946 2511 Θεὸν
2976 2460 3229 2529 ἀγάπης;
3288 2462 3350 2513 Δί
3393 2462 3601 2530 θλίψεις
3626 2466 3678 2515 αἱ

2113 2544 2477 2616 καθημεριναί
2496 2561 2512 2611 ;
2551 2544 2833 2616 Οὐδαμῶς.
2870 2546 3009 2598 Ἀλλ’
3039 2548 3095 2601 αί
3136 2550 3487 2618 στενοχωρίαι
3515 2566 3529 2611 ;
3555 2550 3679 2603 Οὑῖε

2110 2627 2292 2686 αὗται.
2333 2632 2471 2683 Ἀλλ’
2500 2634 2547 2684 οἱ
2573 2632 2830 2703 διωγμοί;
2858 2634 2979 2687 Οὐδ’
3008 2635 3160 2697 ὅλως.
3197 2635 3354 2687 Ἀλλά
3384 2637 3466 2700 τίς
3492 2637 3678 2707 λιμός;

2111 2719 2245 2772 Οὑδέ
2279 2718 2455 2774 τοῦτο.
2505 2719 2664 2772 Ἀλλά
2700 2721 2967 2786 κίνδυνοι;
3006 2723 3113 2773 Καὶ
3142 2722 3194 2774 τί
3230 2722 3370 2789 λέγω
3405 2724 3567 2793 λιμὸν
3595 2728 3682 2777 καὶ

2112 2808 2426 2878 γυμνότητα
2475 2809 2570 2861 καὶ
2620 2809 2928 2873 κινδύνουςς
2986 2810 3121 2862 ἀλλά
3158 2810 3443 2883 μάχαιρα;
3495 2814 3681 2880 Δὺτὸς,

2113 2900 2297 2967 φησὶν,
2328 2901 2355 2951 6
2390 2899 2615 2963 θάνατος
2640 2900 2979 2970 ἐπαγόμενος
3004 2902 3158 2953 τυῖτο
3199 2901 3417 2971 ἰσχῦσαι
3446 2904 3507 2955 οὑ
3538 2904 3684 2977 δυνή.

2114 3003 2303 3039 σεταιι
2335 2987 2613 3057 ἀμήχανον
2664 2986 2772 3057 γάρ
2824 2986 2916 3039 καὶ
2962 2988 3138 3041 πάντα
3192 2989 3472 3044 ἀδύνατον.
3502 2992 3683 3055 Οὐδεὶς

2111 3072 2296 3144 ἕτερος
2323 3073 2494 3136 οὑτως
2523 3074 2805 3143 ἀγαπῆσαι
2834 3073 3140 3146 κατηξιώθη
3170 3076 3262 3129 τὸν
3284 3078 3590 3150 Δεσπότην,
3618 3080 3684 3141 ῶς

2112 3161 2146 3231 η
2175 3165 2419 3232 μακαρία
2438 3160 2575 3231 αὕτη
2602 3160 2768 3231 ψυχή.
2804 3162 3068 3233 Καθάπερ
3096 3164 3199 3235 γάρ
3237 3164 3578 3233 ἀπαλλαγεὶς
3601 3167 3682 3218 τοῦ

2116 3248 2384 3318 σώματος,
2410 3250 2502 3302 καὶ
2524 3251 2831 3320 μετάρσιος,
2850 3249 2926 3311 ὡς
2951 3252 3145 3317 εἰπεῖν,
3169 3252 3434 3319 γεγονὼς,
3454 3256 3552 3306 καὶ
3572 3258 3685 3310 οὑδέ

2114 3338 2207 3389 ἐπὶ
2224 3338 2322 3407 τῆς
2352 3338 2453 3406 γῆς
2485 3338 2717 3406 βαδίζειν
2747 3338 2999 3407 νομίζων,
3027 3338 3195 3403 οὕτως
3217 3340 3434 3393 ἅπαντα
3461 3344 3686 3413 φθέγγε-

2114 3442 2222 3479 ται.
2264 3426 2323 3477 '0
2353 3425 2461 3496 γάρ
2494 3426 2622 3496 περὶ
2653 3425 2743 3477 τὸν
2764 3426 2896 3480 Θεὸν
2928 3426 3106 3489 πόθος,
3132 3429 3280 3497 καὶὴ
3315 3434 3683 3503 πεπυρωμένη

2113 3514 2299 3583 ἀγάπη
2327 3514 2656 3583 μετέστησεν
2673 3513 2834 3567 αὑτοῦ
2860 3514 2946 3566 τὸν
2966 3515 3219 3585 λογισμὸν
3245 3517 3353 3569 ἀπὸ
3371 3518 3485 3571 τῶν
3508 3520 3685 3591 αίσθη-

2112 3601 2218 3653 τῶν
2269 3602 2360 3654 ἐπὶ
2391 3600 2457 3653 τά
2505 3602 2692 3671 νοητά,
2742 3602 2835 3654 καὶ
2870 3603 2977 3655 ἀπὸ
3027 3602 3137 3654 τῶν
3166 3604 3454 3674 παρόντων
3501 3608 3685 3662 ἐπὶτὰ

2117 3691 2395 3762 μέλλοντα,
2422 3691 2517 3744 καὶ
2563 3690 2669 3743 ἀπὸ
2718 3690 2824 3743 τῶν
2849 3690 3191 3761 βλεπομένων
3218 3693 3310 3745 ἐπὶ
3336 3695 3407 3747 τά
3444 3697 3523 3767 μὴ
3557 3698 3684 3767 ὀρύ-

2118 3795 2276 3849 μενα.
2310 3776 2561 3830 Τοιοῦτον
2600 3777 2706 3848 γάρ
2735 3779 2767 3847 ἡ
2800 3778 2999 3841 πίστις,
3034 3778 3127 3830 καὶ
3171 3781 3204 3849 ἡ
3261 3782 3393 3850 περὶ
3426 3783 3521 3835 τὸν
3563 3786 3683 3838 Θεὸν

2115 3866 2322 3936 ἀγάπη.
2353 3866 2461 3918 Καὶ
2489 3865 2578 3917 ἵνα
2607 3865 2783 3935 μάθῃς
2810 3867 2976 3919 αὑτοὺ
3007 3865 3101 3935 τὴν
3124 3866 3320 3939 πολλὴν
3340 3870 3683 3942 εὐγνωμοσῷ

2114 3972 2231 4026 νην,
2265 3954 2368 4023 δρα
2397 3952 2486 4005 τὸν
2520 3951 2693 4015 οὑτως
2724 3953 3024 4020 ἀγαπῶντα
3052 3955 3140 4006 τὸν
3164 3956 3465 4028 Δεσπότην,
3491 3962 3591 4013 καὶ
3610 3963 3682 4012 ἐκ»

2115 4042 2403 4112 καιόμενον
2435 4042 2512 4104 είς
2548 4040 2641 4093 τὸν
2670 4040 2799 4109 περὶ
2849 4040 3009 4094 αὑτὸν
3061 4043 3223 4095 πόθον
3245 4083 3258 4105 ,
3303 4045 3678 4117 ἐλαυνόμενον.

2112 4132 2458 4200 διωκόμενον,
2488 4130 2901 4200 μαστιξόμενον,
2936 4132 3103 4201 μυρία
3151 4132 3295 4186 δεινά
3327 4135 3678 4204 ὑπομένοντα,

2114 4220 2208 4272 καὶ
2223 4218 2449 4286 λέγοντα
2469 4234 2483 4248 ο
2515 4217 2616 4271 Ἐν
2635 4216 2840 4282 κόποις
2860 4219 3313 4287 περισσοτέρως,
3337 4223 3411 4274 ὲν
3428 4226 3680 4294 πληγαῖς

2113 4306 2628 4375 ὑπερϐαλλόντως,
2649 4304 2718 4356 ἐν
2741 4304 3015 4369 θανάτοις
3036 4306 3329 4374 πολλάκις
3348 4327 3360 4340 ·
3388 4311 3512 4365 ὑπὸ
3543 4314 3677 4367 νισι.-

2115 4394 2298 4447 δαίων
2313 4392 2595 4458 πεντάκις
2608 4391 3061 4460 τεσσαράκοντα
3087 4394 3242 4464 παρὰ
3256 4398 3410 4463 μίαν
3445 4401 3676 4453 ἔλαϐον

2115 4483 2243 4549 τρίς
2263 4480 2674 4556 Δεξὸραὄδίσθην
2691 4497 2705 4509 ·
2732 4480 2893 4543 ἅπαξ
2926 4480 3250 4549 ἐλιθάσθην
3268 4500 3280 4511 ·
3306 4487 3679 4556 νυχθήμερον

2115 4571 2185 4623 ἐν
2212 4554 2291 4634 τῷ
2305 4566 2476 4633 βυθῷ
2496 4568 2810 4633 πεποίηκα,
2841 4567 3201 4635 ὁδοιπορίαις
3228 4554 3556 4639 πολλάκις,
3576 4554 3678 4627 κιν-

2117 4659 2318 4722 δύνοις
2346 4654 2642 4724 ποταμῶν,
2672 4654 2976 4721 κινδύνοις
3013 4657 3081 4708 ἑν
3112 4657 3589 4728 ψευδαδέλφοις,
3619 4664 3675 4714 ἐν

2117 4747 2282 4808 κόπῳ
2316 4745 2412 4797 καὶ
2454 4747 2684 4813 μόχθῳο
2713 4746 2802 4796 καὶ
2830 4743 3064 4796 τοσαῦτα
3114 4744 3335 4815 πάσχων
3382 4748 3574 4819 ἔχαιρε
3598 4754 3676 4801 καὶ

2116 4834 2427 4905 ἡγαλλιᾶτο.
2468 4834 2618 4905 ’ῌδει
2672 4834 2780 4902 γάρ
2828 4833 2918 4884 καὶ
2958 4832 3473 4904 ἐπεπληροτόρητο,
3522 4837 3604 4889 δτι
3632 4836 3677 4886 οἱ

2115 4922 2250 4994 πρὸς
2294 4923 2356 4975 τὸ
2402 4923 2573 4992 παρὸν
2625 4922 2773 4973 πόνοι
2800 4920 2906 4972 τῶν
2943 4920 3209 4990 μεγίστων
3234 4920 3383 4989 αὑτῷ
3414 4922 3675 4992 βραὸεἱιυν

2114 5008 2359 5081 πρόξενοι
2394 5009 2652 5076 γίνονται,
2678 5008 2770 5059 καὶ
2798 5010 2845 5059 οί
2869 5007 3095 5059 κίνδυνοι
3128 5008 3423 5075 στεφάνους
3451 5009 3671 5062 ἔτικτον.

2112 5098 2173 5149 Εἰ
2196 5095 2303 5166 γὰρ
2333 5098 2361 5147 6
2400 5093 2591 5147 Ἰακὼϐ
2623 5093 2709 5146 διά
2739 5094 2826 5145 τὸν
2862 5094 2986 5163 περὶ
3016 5094 3113 5164 τὴν
3153 5094 3354 5163 Ῥαχὴλ
3400 5096 3571 5149 πόθον
3611 5098 3675 5153 ὡς

2110 5185 2319 5254 ἡμέρας
2345 5184 2529 5251 ὀλίγας
2570 5182 2675 5235 τῶν
2709 5181 2845 5234 ἐπτά
2879 5181 3013 5232 ἐτῶν
3061 5180 3149 5232 τὸν
3178 5181 3411 5252 ἀριθμὸν
3444 5183 3670 5251 ἐνόμιζε,

2110 5272 2287 5342 πολλῷ
2320 5272 2519 5341 μᾶλλον
2546 5272 2573 5322 6
2597 5270 2860 5340 μακάριος
2883 5261 3034 5329 οὗτος
3058 5268 3207 5320 οὐδὲν
3231 5269 3447 5322 ἅπαντα
3479 5272 3671 5339 ἡγεῖτο,

2110 5359 2382 5431 πυρωθεὶς
2413 5356 2558 5422 ἅπαξ
2590 5356 2665 5426 τῷ
2721 5357 2840 5426 περὶ
2881 5357 2971 5409 τὸν
2999 5354 3129 5408 Θεὸν
3155 5355 3323 5425 πόθῳ,
3350 5359 3448 5409 καὶ
3472 5358 3563 5411 διὰ
3595 5358 3671 5408 τι».

2109 5447 2470 5517 ἀγαπώμενον
2498 5446 2729 5514 Χριστὸν
2765 5446 2974 5497 ᾶπαντα
3016 5438 3319 5513 ὑπομένων.
3352 5446 3669 5499 Σπουδάσω-

2114 5554 2211 5605 μεν
2243 5535 2441 5597 τοίνυν,
2466 5531 2795 5605 παρακαλῶ,
2820 5533 2910 5583 καὶ
2934 5534 3091 5601 ἡμεῖς
3116 5531 3399 5601 ἀγαπῆσαι
3428 5534 3522 5584 τὸν
3546 5532 3671 5600 Χρι-

2112 5623 2255 5678 στόν.
2281 5622 2444 5675 Οὑδὲν
2469 5623 2577 5691 γὰρ
2604 5621 2807 5690 ἕτερον,
2835 5620 3017 5689 φησὶν,
3049 5621 3076 5671 6
3099 5618 3327 5688 Χριστὸς
3356 5618 3514 5689 ζητεί
3538 5618 3668 5683 παρὰ

2114 5710 2228 5775 006,
2257 5711 2289 5779 ἢ
2319 5711 2379 5762 τὸ
2423 5713 2641 5779 ἀγαπᾷν
2684 5709 2845 5761 αὑτὸν
2882 5706 3032 5779 [555]
3072 5706 3129 5772 ἐξ
3158 5706 3283 5776 ὅλης
3311 5709 3409 5778 τῆς
3432 5706 3668 5778 καρδίας,
