3782 6306
56 331 139 386 481
1067 329 1129 385 ΙΝ
1168 328 1325 385 CAP.
1361 326 1551 382 XXIX.
1598 327 1837 383 GENES.
1885 328 2114 389 HOMIL.
2155 331 2263 388 LV.

51 448 120 503 sis
142 449 313 510 illius.
345 446 475 503 nihil
516 446 659 503 aliud
705 461 863 518 quam
895 460 1018 501 caro
1061 456 1241 500 nostra
1266 458 1324 500 es
1362 454 1417 499 et
1455 442 1617 497 frater

50 549 243 595 iiuster.
273 537 342 591 Et
374 550 481 593 erat
519 555 635 592 cum
660 555 752 603 eo,
797 537 992 607 inquit,
1040 536 1108 588 ad
1146 551 1365 589 mensem
1401 534 1617 589 dierum.

50 631 170 686 Dein
208 631 358 699 quasi
400 631 456 685 in
485 630 647 685 domo
673 630 886 702 propria
915 628 1054 699 apud
1095 640 1216 683 cum
1258 626 1527 697 impavide
1566 633 1622 682 et

46 726 109 781 ab
134 724 276 779 omni
305 738 432 778 cura
463 723 599 779 liber
636 723 842 793 agebat.
888 722 1149 777 Cmterum
1190 719 1439 790 quoniam
1481 719 1622 775 Deus

47 824 175 879 erat,
206 816 296 885 qui
321 818 499 869 omnia
526 814 592 868 ad
622 815 899 869 utilitatem
927 812 1083 883 hujus
1106 812 1232 881 justi
1252 810 1616 881 dispensabat,

46 921 94 964 et
118 909 167 963 in
194 907 444 963 omnibus
471 908 518 962 ei
547 923 697 962 suam
724 906 995 976 praebebat
1018 904 1473 974 cooperationem,
1506 902 1620 972 ipse

47 1000 365 1054 alacritatem
394 997 573 1054 Laban
604 997 853 1052 excitavit
887 1013 902 1051 :
940 1005 993 1051 et
1024 995 1209 1050 videns
1236 995 1333 1048 viri
1372 1007 1620 1048 mansue-

45 1092 273 1146 tudinem
295 1130 311 1155 ,
344 1089 477 1145 dicit
509 1088 558 1143 ei
591 1109 605 1145 :
640 1088 725 1151 l5.
756 1088 1008 1155 Quoniam
1033 1087 1164 1140 enim
1206 1085 1364 1155 frater
1404 1074 1542 1138 meus
1567 1099 1619 1137 es

45 1198 111 1249 tu,
145 1201 247 1237 non
277 1183 462 1238 seruies
490 1181 615 1234 mihi
652 1181 809 1251 gratis
836 1195 856 1234 :
881 1181 962 1233 dic
986 1180 1144 1243 mihi,
1170 1194 1282 1243 qua:
1306 1192 1492 1230 merces
1532 1186 1618 1229 tua

41 1279 118 1330 sit.
154 1276 285 1331 Vide
310 1274 580 1345 quomodo
610 1275 723 1344 ipse
752 1274 965 1344 quidem
1005 1273 1218 1343 petebat
1243 1271 1407 1335 nihil,
1437 1271 1616 1325 Laban

41 1380 214 1426 autem
245 1385 275 1424 a
306 1384 366 1424 se
392 1370 495 1423 huc
522 1369 771 1438 proponit
797 1368 963 1437 justo.
992 1367 1060 1422 Et
1092 1366 1339 1431 attende,
1369 1365 1614 1426 obsecro,

38 1461 305 1532 quomodo
333 1462 417 1515 cui
445 1460 620 1515 divina
648 1474 839 1514 manus
864 1459 1085 1525 assistit,
1115 1458 1163 1513 ei
1189 1456 1368 1512 omnia
1396 1454 1620 1510 feliciter

38 1552 344 1609 succedant.
392 1551 514 1606 Non
556 1552 739 1605 servies
779 1550 938 1615 mihi,
971 1550 1173 1619 inquit,
1218 1548 1374 1617 gratis
1405 1562 1424 1601 :
1450 1546 1619 1600 indica

36 1648 157 1701 mihi
181 1662 297 1715 qua:
334 1662 520 1700 merces
546 1654 633 1697 tua
660 1653 745 1698 sit.
782 1643 1034 1711 Quamvis
1058 1641 1243 1696 beatus
1280 1640 1371 1694 ille
1414 1652 1619 1708 magna:

36 1739 273 1794 caritatis
312 1738 433 1793 loco
470 1736 691 1791 haberet
716 1735 797 1790 vel
834 1733 1146 1805 simpliciter
1182 1731 1493 1802 quotidiano
1518 1730 1617 1783 ali-

34 1840 219 1886 mento
264 1829 403 1891 frui,
448 1827 777 1896 multamque
815 1840 916 1895 pro
957 1840 1023 1880 eo
1057 1824 1279 1894 gratiam
1325 1821 1614 1877 redderet:

32 1936 218 1975 rerum
250 1919 372 1990 quia
401 1920 591 1973 miram
622 1918 1003 1973 humanitatem
1030 1930 1139 1985 pra:
1163 1929 1223 1971 se
1250 1913 1472 1978 ferebat,
1496 1912 1617 1967 ideo

30 2013 211 2067 Laban
235 2009 539 2067 mercedem
558 2011 605 2064 ei
632 2009 930 2080 pollicetur,
947 2023 1105 2079 quam
1129 2008 1242 2077 ipse
1257 2004 1614 2077 proposuerit.

30 2103 165 2171 Quid
197 2103 361 2174 igitur
378 2100 591 2171 justus?
621 2100 773 2168 Vide,
801 2100 1044 2161 obsecro.
1074 2106 1129 2155 et
1156 2098 1240 2153 hic
1268 2098 1615 2153 excellentem

28 2195 146 2261 ejus
171 2192 520 2263 sagacitatem
540 2232 555 2257 ,
587 2199 642 2245 et
682 2189 949 2261 quomodo
976 2188 1175 2244 nullam
1216 2186 1615 2258 congreganda-

28 2301 145 2339 rum
176 2299 343 2354 opum
370 2282 614 2338 habuerit
640 2297 844 2337 curam.
869 2281 983 2336 Non
1012 2281 1153 2336 enim
1181 2283 1321 2337 sicut
1346 2295 1617 2336 mercena-

26 2378 137 2431 rius
168 2375 369 2445 aliquis
410 2388 530 2430 cum
572 2373 755 2429 Laban
799 2372 1086 2438 convenit,
1118 2380 1173 2427 et
1200 2386 1418 2441 Operam
1464 2385 1617 2425 suam

25 2465 382 2536 quuisitiore
406 2463 657 2520 mercede
687 2463 826 2517 locat
850 2502 865 2526 ,
913 2470 967 2517 et
989 2462 1134 2517 aliud
1160 2462 1287 2532 quid
1320 2462 1452 2532 petit
1480 2479 1493 2514 :
1522 2460 1616 2515 sed

25 2572 240 2612 memor
286 2556 471 2611 matris
507 2565 563 2635 et
601 2562 986 2625 praeceptorum
1028 2553 1226 2624 patris,
1257 2563 1310 2609 ct
1336 2552 1616 2608 miriﬁcam

25 2650 417 2707 continentiam
445 2664 555 2719 pra:
582 2664 641 2704 se
682 2648 895 2715 feren’s,
923 2647 1051 2702 dicit
1074 2646 1291 2717 Labano
1321 2663 1336 2701 :
1368 2646 1455 2702 18.
1489 2645 1615 2700 Ser-

25 2746 159 2797 riam
208 2743 303 2797 tibi
341 2752 531 2813 septem
568 2741 714 2796 armis
755 2758 848 2811 pro
887 2739 1082 2795 Rachel
1122 2741 1233 2809 filia
1274 2748 1361 2793 tua
1388 2740 1616 2811 juniore.

25 2839 173 2894 llanc
197 2837 348 2892 enim
386 2852 509 2892 mox
537 2844 593 2891 ut
618 2835 758 2906 apud
790 2836 990 2891 fontem
1017 2834 1158 2903 vidi,
1187 2835 1380 2890 amavi.
1409 2833 1477 2889 Et
1497 2833 1618 2889 vide

25 2930 458 2984 benevolentiam
488 2927 609 2983 viri.
646 2927 861 2997 Sibiipsi
894 2937 948 2981 et
975 2938 1180 2997 tempus
1204 2926 1503 2999 praescrihit
1523 2966 1537 2991 ,
1564 2935 1619 2980 et

26 3030 172 3075 tanto
196 3030 445 3089 tempore
465 3018 736 3075 sufﬁciens
754 3029 1124 3090 argumentum
1147 3034 1255 3075 sua:
1276 3018 1617 3073 continentiae

26 3113 257 3179 przebet.
307 3111 373 3165 Et
414 3109 542 3180 quid
595 3109 912 3176 admiraris,
965 3110 1190 3177 dilecte,
1232 3108 1454 3164 audiens
1492 3123 1614 3163 eum

25 3214 233 3274 teptem
278 3203 434 3257 annis
470 3217 529 3259 se
572 3203 892 3258 serviturum
936 3202 1246 3273 promisisse
1291 3217 1385 3272 pro
1421 3201 1614 3257 dilecta

26 3298 198 3352 mella
219 3297 246 3351 ?
279 3295 348 3352 Ut
374 3298 515 3350 enim
552 3294 803 3351 ostendat
831 3294 985 3350 nobis
1010 3294 1281 3365 Scriptura
1301 3334 1316 3359 ,
1347 3293 1616 3364 quomodo

25 3405 170 3443 imor
219 3403 448 3459 magnus
489 3398 544 3443 et
587 3387 821 3443 laborem
866 3395 921 3442 et
950 3386 1204 3456 temporis
1234 3386 1616 3457 longitudinem

25 3482 255 3537 ιιιςοίιιὶι
278 3521 294 3547 ,
334 3489 391 3536 et
419 3488 477 3535 ut
515 3481 680 3536 breve
704 3479 975 3535 videretur
1001 3478 1197 3547 eﬁ’ecit,
1228 3478 1356 3534 dicit
1386 3496 1399 3533 :
1424 3478 1515 3533 20.
1549 3478 1617 3532 Et

26 3576 225 3630 ervivit
255 3573 419 3628 Jacob
445 3590 537 3643 pro
562 3572 756 3628 Rachel
784 3573 930 3626 armis
954 3581 1142 3641 septem
1158 3612 1175 3638 ,
1205 3581 1254 3624 et
1278 3581 1421 3625 erant
1447 3586 1617 3625 coram

26 3686 59 3721 o
86 3668 259 3739 quasi
285 3667 391 3720 dies
419 3666 605 3736 pauci,
649 3681 706 3720 eo
731 3668 868 3736 quod
898 3665 1004 3735 ipse
1042 3665 1185 3719 illam
1227 3664 1473 3735 diligeret.
1516 3662 1615 3720 Se-

25 3771 185 3825 item,
217 3758 420 3828 inquit,
444 3757 590 3823 anni,
616 3757 765 3826 pauci
792 3756 906 3811 dies
928 3755 1242 3810 videbantur
1260 3754 1330 3810 ob
1350 3756 1616 3825 ingentem

30 3869 131 3923 rga
165 3852 412 3923 puellam
457 3865 716 3905 amorem.
755 3848 979 3917 Quando
1019 3848 1162 3904 enim
1191 3848 1310 3918 quis
1351 3848 1618 3901 sauciatur

26 3946 271 4001 aritatis
293 3943 583 4007 desiderio,
609 3942 741 3997 nihil
767 3941 985 3997 difﬁcile
1008 3947 1215 4010 Spectat
1242 3957 1254 3993 :
1282 3940 1377 3995 sed
1405 3940 1457 3995 id
1478 3940 1617 4009 quod

33 4037 172 4092 ierit
202 4035 431 4106 plenum
460 4033 711 4103 periculis
739 4043 795 4089 et
822 4032 988 4087 multa
1015 4021 1250 4095 miseria,
1277 4032 1467 4088 leviter
1495 4032 1614 4099 fert,

26 4128 58 4183 il
89 4128 212 4183 hoc
249 4141 414 4181 unum
445 4125 762 4195 respiciens,
806 4127 1073 4194 quomodo
1107 4139 1204 4180 suo
1235 4126 1466 4194 potiatur
1494 4135 1617 4181 voto

25 4232 41 4275 t
74 4219 403 4276 desiderio.

65 4308 321 4367 Moralis
343 4309 591 4381 epilogus.
635 4310 789 4363 Amor
817 4308 996 4363 Jacobi
1038 4325 1158 4380 erga
1198 4308 1391 4364 Rachel
1415 4309 1619 4377 indiffe-

26 4406 236 4458 mtiam
261 4411 488 4456 nostram
517 4417 636 4473 erga
666 4400 826 4454 Deum
850 4400 1128 4471 redarguit.
1176 4400 1441 4467 Quomodo
1470 4400 1617 4456 Pau-

25 4515 69 4550 ιδ
94 4496 363 4551 dilexerit
384 4492 545 4548 Deum
569 4494 772 4564 ;ipsum
796 4493 986 4547 imitari
1012 4509 1129 4548 suos
1155 4494 1410 4549 auditores
1440 4495 1618 4549 horta—

26 4609 90 4644 :r.
132 4618 223 4630 -—-—
258 4586 554 4641 Audiamus
579 4600 677 4640 nos
702 4584 875 4656 ignavi
905 4595 964 4639 et
985 4584 1182 4653 supini,
1208 4585 1473 4654 ingratum
1491 4601 1619 4657 erga

25 4699 177 4739 eum
212 4678 461 4735 animum
484 4679 819 4736 exhibentes.
848 4679 981 4735 Nam
1006 4678 1051 4732 si
1078 4680 1255 4751 justus
1284 4679 1376 4735 ille
1404 4692 1621 4750 propter

30 4778 207 4834 icllzc
244 4790 492 4829 amorem
516 4775 850 4845 septennium
878 4776 1081 4831 servire
1111 4774 1356 4846 ferreque
1378 4784 1619 4845 pastora-

26 4885 120 4923 im
156 4867 426 4921 laborum
455 4880 725 4921 aerumnas
749 4866 1005 4932 decrevit,
1031 4876 1085 4923 et
1105 4881 1211 4921 non
1240 4867 1409 4922 sensit
1428 4867 1513 4923 vel
1542 4867 1619 4921 la-

26 4978 183 5027 ires,
222 4958 320 5015 vel
344 4960 597 5029 temporis
637 4959 1038 5031 longitudinem,
1069 4960 1163 5017 sed
1192 4960 1369 5015 omnia
1395 4961 1443 5016 ei
1483 4960 1619 5016 levia

54 5052 281 5109 facilia
308 5049 650 5118 videbantur,
687 5054 1188 5123 exspectationeque
1212 5061 1267 5107 et
1292 5067 1387 5123 spe
1413 5052 1618 5108 fruendi

26 5149 189 5212 ltus,
230 5145 313 5197 ita
346 5151 404 5197 ut
426 5142 544 5199 dies
586 5159 782 5214 paucos
821 5144 1035 5215 longum
1061 5146 1190 5201 illud
1223 5155 1431 5217 tempus
1461 5156 1617 5216 puta-

26 5256 49 5297 ι
91 5262 110 5298 ;
175 5237 419 5307 qualem
448 5251 547 5292 nos
578 5237 890 5293 habebimus
928 5241 1346 5306 excusationem,
1392 5240 1481 5310 qui
1512 5255 1618 5295 non

32 5337 89 5391 ri
128 5329 349 5388 studio
372 5344 497 5397 erga
522 5330 804 5384 Dominum
854 5342 1095 5386 nostrum
1122 5341 1176 5386 et
1224 5331 1618 5388 benefactorem

43 5434 434 5485 curatorem,
467 5430 521 5476 et
548 5422 636 5491 qui
663 5422 815 5478 nobis
858 5422 926 5477 sit
957 5423 1156 5490 omnia,
1184 5423 1446 5479 afﬁcimur
1465 5425 1490 5477 τ
1514 5425 1619 5482 Sed

26 5524 51 5577 ,ί
129 5513 489 5590 proponitur
540 5513 739 5569 lucrum
791 5516 1101 5585 temporale,
1152 5517 1327 5572 omnia
1377 5517 1623 5573 alacriter

26 5615 300 5671 stinerc
349 5606 615 5674 volumus,
652 5608 859 5663 etiamsi
889 5608 1013 5678 quid
1061 5610 1386 5666 laboriosum
1435 5612 1524 5677 sit,
1567 5621 1622 5667 et

26 5708 137 5764 Iilc
184 5711 579 5755 aerumnosum
618 5709 672 5753 et
713 5700 985 5755 sordidum
1010 5744 1024 5766 ,
1058 5710 1111 5758 et
1138 5717 1349 5772 poenam
1382 5703 1434 5758 in
1482 5720 1619 5775 pra:-

25 5801 117 5854 ιεῙὶ
140 5804 220 5851 et
243 5791 435 5847 futuro
449 5792 644 5847 sa-culo
662 5793 907 5863 praebens
928 5813 941 5849 :
960 5805 1176 5867 propter
1190 5806 1425 5855 nostram
1444 5810 1619 5856 autem

3216 346 3319 402 48’)

1731 445 1980 512 salutem,
2009 457 2061 503 et
2092 458 2150 503 ut
2178 465 2467 520 supernum
2498 452 2651 507 nobis
2681 454 2919 511 favorem
2946 458 3313 525 conciliemus,

1732 536 1939 591 remissi
1966 547 2021 593 et
2046 541 2218 610 supini
2260 551 2313 597 et
2351 542 2594 598 dissoluti
2630 545 2895 601 videmur.
2925 546 2989 602 Et
3017 550 3188 618 qualis
3230 529 3341 604 ηοξ

1732 626 1814 683 bis
1843 631 1946 685 erit
1972 631 2122 686 venia
2150 672 2165 697 ,
2192 633 2430 704 qualisve
2455 638 2727 692 excusatio
2752 638 2830 694 sic
2859 640 3193 710 negligentia:
3216 644 3315 698 ilc-

1729 718 1875 787 ditis,
1906 721 1991 791 qui
2032 738 2204 794 neque
2243 735 2499 795 quantum
2528 726 2713 784 beatus
2741 729 2828 785 ille
2874 729 2927 785 in
2961 732 3188 800 puellam
3216 734 3315 789 dc-

1728 810 1947 866 claravit
1965 822 2224 881 amorem,
2248 824 2443 871 tantum
2463 818 2516 871 in
2537 819 2698 874 Deum
2720 821 2994 876 caritatem
3017 823 3272 879 habemus
3299 843 3314 878 :

1729 900 1888 971 idque
1912 918 2033 957 cum
2061 911 2203 966 tanta
2236 908 2501 975 possimus
2528 924 2815 967 numerare
2844 912 3101 967 beneﬁcia
3133 914 3183 968 in
3215 932 3317 971 nos

1727 993 2005 1060 collocata,
2045 1004 2098 1049 et
2123 1011 2240 1066 quae
2268 998 2503 1067 quotidie
2543 1000 2915 1057 collocantur?
2944 1003 3049 1058 Sed
3075 1006 3175 1061 etsi
3217 1022 3316 1060 nos

1730 1091 1836 1137 tam
1870 1085 2065 1156 ingrati
2098 1101 2302 1155 sumus,
2341 1104 2447 1144 non
2478 1090 2549 1144 ita
2576 1101 2722 1147 certe
2762 1093 2947 1149 beatus
2976 1095 3191 1164 Paulus,
3224 1101 3315 1167 qui

1729 1183 1834 1230 tam
1863 1177 2100 1234 fervebat
2122 1180 2382 1250 etignitus
2402 1191 2517 1237 erat
2535 1185 2755 1240 caritate
2777 1186 2829 1240 in
2858 1187 3049 1257 Deum,
3075 1199 3133 1242 ut
3152 1191 3313 1245 verba

1727 1266 1816 1321 illa
1844 1275 1989 1323 tanto
2008 1269 2186 1326 animo
2211 1271 2365 1344 digna
2383 1273 2688 1343 loqueretur
2710 1286 2765 1330 et
2784 1277 3055 1343 clamaret,
3088 1279 3271 1334 dicens
3297 1298 3314 1335 :

1732 1358 1859 1426 Quis
1911 1377 2004 1416 nos
2045 1362 2299 1433 separabit
2328 1380 2361 1417 a
2391 1366 2634 1421 charitate
2653 1365 2883 1421 Christi?
2911 1367 3042 1423 Vide
3069 1369 3318 1424 dictionis

1726 1451 2019 1522 emphasim
2042 1494 2057 1522 ,
2089 1464 2144 1510 et
2183 1455 2437 1512 latentem
2490 1458 2596 1512 vim
2650 1476 2663 1511 :
2715 1459 2839 1513 vide
2869 1462 3071 1527 amoris
3100 1462 3316 1517 violenti

1726 1543 2015 1612 fervorem,
2044 1546 2166 1601 vide
2200 1548 2477 1605 caritatem
2507 1550 2797 1605 incensam.
2833 1551 2957 1617 Quis
2982 1569 3072 1606 nos
3108 1570 3313 1622 separa-

1723 1634 1792 1688 bit
1828 1635 1850 1707 (
1874 1634 2025 1690 Rom.
2049 1636 2103 1691 8.
2130 1638 2199 1693 55
2222 1639 2285 1709 )?
2326 1640 2485 1707 Quid,
2517 1641 2704 1710 inquit,
2727 1650 2829 1706 est,
2853 1642 2994 1711 quod
3026 1646 3195 1713 possit
3216 1660 3313 1697 nus

1723 1739 1754 1779 a
1775 1725 2032 1783 charitate
2050 1727 2143 1784 Dei
2166 1732 2448 1798 separare?
2475 1732 2601 1802 quid
2618 1732 2757 1789 inter
2774 1733 3002 1790 visibilia
3020 1736 3059 1802 ',
3079 1736 3203 1806 quid
3224 1736 3309 1790 iu-

1725 1825 1808 1873 ter
1833 1818 2118 1875 invisibilia
2137 1820 2158 1874 ?

1796 1910 1847 1965 3.
1873 1909 2074 1967 Deinde
2098 1913 2286 1969 volens
2311 1921 2365 1969 et
2388 1914 2742 1984 particulatim
2766 1918 2944 1973 omnia
2973 1933 3308 1983 enumerare,

1724 2008 1778 2055 et
1796 2000 2042 2056 omnibus
2070 2000 2224 2057 nobis
2251 2003 2589 2060 manifestum
2615 2004 2790 2062 facere
2816 2007 3173 2077 insuperabile
3203 2009 3303 2063 de-

1722 2089 1977 2145 siderium
2013 2091 2153 2161 quod
2180 2107 2303 2164 erga
2345 2094 2626 2150 Dominum
2681 2096 3023 2166 possidebat,
3076 2098 3314 2153 subdidit

1723 2184 1906 2239 dicens
1933 2201 1948 2238 :
1976 2184 2256 2239 Tribulatio
2276 2186 2303 2239 ?
2329 2204 2395 2240 an
2420 2189 2696 2259 angustia?
2716 2205 2783 2242 an
2809 2170 3008 2257 fames?
3032 2207 3099 2244 an
3126 2208 3267 2258 perse
3282 2221 3297 2230 -

1723 2275 1898 2344 quutio
1913 2278 1940 2329 ?
1977 2291 2046 2330 an
2070 2278 2275 2331 'nuditas
2291 2278 2317 2331 7
2343 2295 2408 2332 an
2435 2280 2709 2348 periculum
2725 2281 2751 2334 .9
2771 2297 2839 2335 au
2862 2281 3063 2351 gladius
3079 2282 3105 2334 ?
3129 2282 3173 2336 0
3200 2283 3285 2335 ani
3307 2313 3317 2323 -

1724 2382 1887 2433 mam,
1920 2368 2145 2437 insania,
2167 2385 2286 2440 qua:
2310 2372 2651 2427 continentia;
2674 2381 2846 2427 mater
2873 2381 2975 2437 est,
3013 2372 3275 2428 furentem
3296 2374 3312 2428 l

1723 2460 1884 2528 Quid,
1918 2461 2107 2532 inquit,
2144 2478 2214 2522 ex
2246 2463 2311 2518 iis
2348 2480 2467 2533 qua:
2507 2466 2660 2521 nobis
2712 2465 2894 2520 infcrri
2941 2475 3184 2535 possunt,
3217 2482 3315 2521 nos

1724 2566 1954 2606 avocare
1998 2568 2028 2607 a
2058 2554 2278 2609 caritate
2324 2570 2443 2625 qua:
2479 2564 2561 2611 est
2588 2557 2639 2611 in
2682 2556 2845 2611 Dcunt
2873 2557 3104 2627 poterit?
3159 2557 3315 2612 Affli.

1723 2645 1928 2700 ctiones
1957 2645 2318 2715 quotidiana?
2345 2647 2579 2704 Minime.
2617 2650 2927 2720 Angustize?
2955 2648 3139 2719 Neque
3187 2651 3312 2706 illac.

1722 2726 1861 2792 Num
1884 2740 2363 2808 persequutiones?
2387 2740 2570 2811 Neque
2600 2742 2723 2796 illas.
2749 2742 2853 2797 Sed
2879 2742 3044 2813 quid?
3071 2759 3197 2797 nunt
3231 2743 3310 2797 fa-

1722 2830 1873 2884 mes?
1902 2846 2028 2885 num
2073 2832 2318 2886 nuditas?
2362 2849 2487 2886 num
2518 2834 2787 2902 pericula?
2820 2835 3015 2890 Verum
3040 2836 3166 2905 quid
3195 2837 3317 2890 ilico

1724 2919 1939 2987 famem,
1968 2931 2022 2977 et
2049 2922 2364 2988 nuditatem,
2391 2933 2445 2977 et
2488 2924 2730 2992 pericula
2750 2926 2772 2980 ?
2792 2942 2917 2980 num
2945 2926 3193 2996 gladius?
3231 2930 3309 2985 Ne

1722 3030 1868 3071 mors
1895 3015 2109 3086 quidem
2134 3017 2269 3089 ipsa,
2297 3018 2343 3073 si
2388 3018 2654 3089 infligatur
2673 3061 2688 3087 ,
2716 3021 2817 3076 hoc
2841 3023 3036 3091 poterit
3061 3024 3270 3079 efficere
3297 3041 3310 3075 :

1722 3107 1775 3163 id
1795 3109 1937 3163 enim
1979 3123 2201 3178 prorsus
2232 3111 2564 3180 impossibile
2606 3123 2709 3167 est.
2741 3114 2928 3170 Nullus
2966 3116 3100 3171 alius
3125 3118 3204 3172 sic
3229 3117 3313 3171 ili-

1721 3207 1910 3269 gnatus
1935 3208 2021 3254 est
2065 3200 2286 3271 diligere
2337 3202 2639 3267 Dominum,
2685 3215 2743 3259 ut
2781 3206 2929 3261 beata
2978 3207 3061 3261 illa
3115 3209 3313 3264 anima.

1720 3290 1880 3357 Quasi
1909 3292 2052 3345 enim
2097 3292 2351 3348 liberatus
2391 3310 2421 3348 a
2461 3310 2706 3365 corpore,
2734 3307 2788 3353 et
2830 3300 3072 3354 sublimis
3123 3302 3313 3367 factus,

1723 3392 1780 3437 ut
1803 3382 1883 3438 sic
1896 3382 2090 3449 dicam,
2112 3398 2282 3454 neque
2308 3400 2469 3455 super
2490 3396 2683 3442 terram
2709 3390 2981 3446 ambulare
3001 3409 3060 3447 se
3089 3403 3302 3461 putans,

1723 3472 1794 3527 ita
1822 3473 2071 3545 loquitur.
2107 3477 2272 3530 Amor
2298 3476 2443 3531 enim
2482 3479 2535 3532 in
2590 3479 2757 3533 Deum
2788 3490 2843 3536 et
2878 3496 3130 3538 succensa
3167 3488 3309 3539 eari-

1722 3575 1804 3621 tas
1843 3575 2077 3624 mentem
2090 3566 2248 3638 ejusa
2262 3568 2684 3627 sensibilibusad
2702 3571 3002 3640 spiritualia
3020 3572 3315 3631 transtulit.

1722 3666 1778 3713 et
1800 3674 1829 3713 a
1858 3659 2207 3727 przesentibus
2223 3660 2289 3714 ad
2313 3660 2508 3727 futura,
2539 3672 2592 3716 et
2619 3678 2649 3715 a
2674 3664 2969 3718 visibilibus
3003 3665 3070 3719 ad
3098 3680 3203 3720 non
3235 3668 3313 3718 vi-

1723 3748 1914 3803 sibilia.
1948 3749 2096 3804 Talis
2124 3751 2265 3805 enim
2301 3766 2386 3805 res
2413 3761 2494 3806 est
2522 3752 2652 3807 ﬁdes
2680 3762 2734 3807 et
2778 3754 2974 3809 caritas
3015 3756 3067 3810 in
3121 3757 3310 3811 Deum.

1724 3840 1786 3896 Et
1817 3850 1875 3896 ut
1897 3841 2073 3895 discas
2101 3858 2352 3914 magnum
2381 3845 2497 3912 ejus
2522 3845 2701 3899 cordis
2729 3846 2979 3902 affectum
2997 3889 3012 3914 ,
3048 3848 3318 3905 videeum

1723 3935 1812 4005 qui
1843 3937 1920 3991 sic
1943 3937 2227 3993 Dominum
2257 3938 2461 4007 dilexit,
2490 3949 2545 3996 et
2585 3941 2637 3995 in
2678 3941 2792 4012 ejus
2825 3942 3102 3998 caritatem
3158 3958 3318 3999 exar-

1723 4025 1812 4090 sit,
1842 4025 2033 4097 fugari,
2058 4031 2526 4100 pcrsequutionem
2565 4032 2697 4101 pati,
2726 4031 3007 4103 ﬂagellari,
3037 4034 3316 4090 innumera

1722 4115 1901 4185 gravia
1955 4116 2115 4186 ferre,
2148 4129 2202 4174 et
2244 4120 2424 4177 dicere
2458 4143 2471 4177 :
2503 4120 2571 4176 lu
2602 4122 2853 4178 laboribus
2879 4124 3233 4190 abundantius,
3266 4126 3283 4178 ἰ
3301 4144 3319 4179 ι

1726 4208 1889 4279 plagis
1914 4226 2069 4280 supra
2096 4213 2321 4278 modum,
2357 4213 2412 4267 in
2433 4215 2679 4270 mortibus
2700 4219 2987 4287 frequenter
3012 4232 3031 4271 :
3060 4234 3092 4270 a
3113 4217 3313 4273 Judteis

1723 4306 1985 4377 quinquies
2022 4305 2370 4377 quadragenas
2415 4324 2517 4361 una
2562 4308 2728 4362 minus
2773 4309 2947 4379 accepi
2987 4323 3010 4365 :
3037 4319 3111 4362 ter
3164 4311 3322 4381 virgis

1724 4414 1888 4454 ctesus
1934 4414 2067 4461 sunt,
2096 4398 2248 4452 semel
2286 4398 2543 4469 lapidatus
2581 4415 2715 4465 sum,
2749 4408 2823 4453 ter
2847 4400 3171 4471 naufragium
3198 4401 3316 4471 feci.

1726 4499 1869 4543 nocte
1922 4497 1969 4542 et
2028 4489 2109 4543 die
2155 4491 2209 4542 in
2254 4490 2511 4561 profundo
2559 4492 2715 4544 maris
2764 4491 2839 4562 fui
2866 4532 2883 4555 ,
2934 4491 2986 4544 in
3052 4492 3313 4545 itineribus

1724 4598 1858 4652 saepe
1882 4624 1897 4647 ,
1953 4583 2187 4651 periculis
2242 4584 2510 4654 fluminum
2530 4624 2545 4648 ,
2575 4585 2814 4653 periculis
2844 4585 3098 4640 latronum
3117 4627 3132 4649 ,
3182 4587 3319 4657 peri-

1726 4673 1854 4726 culis
1882 4674 1936 4726 in
1980 4674 2123 4743 falsis
2162 4673 2433 4743 fratribus,
2457 4675 2511 4728 in
2540 4676 2711 4730 labore
2750 4685 2797 4729 et
2824 4692 3050 4730 (erumna
3080 4676 3099 4745 (
3125 4675 3178 4730 2.
3197 4675 3317 4732 Cor.

1727 4764 1815 4819 il.
1844 4764 2044 4835 95-27)
2072 4781 2087 4819 :
2123 4774 2178 4822 et
2204 4766 2325 4821 talia
2353 4766 2579 4836 patiens,
2624 4768 2890 4838 gaudebat
2915 4778 2970 4825 et
2994 4770 3309 4831 exsultabat.

1726 4853 1937 4911 Sciebat
1958 4857 2123 4923 enim,
2154 4866 2209 4913 et
2237 4859 2565 4929 argumentis
2585 4859 2766 4915 multis
2793 4868 2971 4914 certus
2998 4868 3133 4923 erat,
3161 4860 3306 4915 labo-

1728 4964 1812 5004 res
1840 4960 2131 5020 prazsentes
2160 4953 2391 5007 maxima
2421 4952 2521 5009 sibi
2563 4954 2780 5023 praemia
2806 4952 3114 5019 conciliare,
3139 4962 3194 5006 et
3221 4966 3314 5020 pe-

1727 5043 1891 5098 ricula
1920 5059 2148 5101 coronas
2177 5060 2383 5115 parere.
2412 5046 2544 5101 Nam
2565 5047 2608 5100 si
2635 5046 2798 5100 Jacob
2828 5055 3045 5114 propter
3070 5059 3310 5099 amorem

1727 5135 1783 5190 in
1810 5135 2092 5191 Rachelcm
2116 5137 2266 5207 quasi
2295 5138 2546 5207 pauculos
2571 5136 2686 5192 dies
2707 5138 3042 5206 septennium
3070 5137 3334 5208 putabat.’

1728 5228 1894 5282 multo
1918 5229 2087 5299 magis
2110 5229 2295 5283 beatus
2321 5229 2410 5284 ille
2435 5228 2611 5283 omnia
2642 5227 2791 5283 nihili
2822 5227 3068 5294 faciebat,
3087 5243 3318 5284 succen-

1727 5335 1819 5376 sus
1844 5321 2010 5375 semel
2033 5335 2214 5375 amore
2236 5320 2287 5374 in
2320 5321 2509 5383 Deum,
2541 5328 2597 5374 et
2635 5329 2853 5390 propter
2880 5318 3153 5374 Christum
3180 5318 3318 5375 dile-

1728 5420 1871 5466 ctum
1900 5412 2297 5473 omniafcrens.
2326 5412 2645 5468 Studeamus
2663 5412 2838 5482 igitur,
2864 5411 3108 5477 obsecro,
3141 5420 3195 5465 et
3222 5426 3319 5466 nos

1729 5502 1947 5574 diligere
1989 5502 2278 5561 Christum.
2315 5503 2454 5559 Nihil
2481 5504 2624 5560 enim
2651 5503 2814 5569 aliud,
2848 5502 3039 5574 inquit,
3072 5501 3317 5558 Christus

1790 5694 1805 5723 ί
1850 5690 1934 5740 Sic
1976 5689 2075 5737 duo
2121 5685 2257 5746 Mss,
2300 5689 2448 5746 atque
2474 5683 2564 5746 ita
2608 5683 2734 5746 legit
2776 5676 3316 5746 veltts_lnterpres._ln

1730 5755 1884 5804 Editis
1906 5754 2028 5805 hmc,
2052 5745 2171 5811 quid
2191 5744 2319 5811 inter
2343 5743 2553 5811 visibilia
2576 5747 2638 5803 (τί
2665 5743 2760 5794 iam
2784 5744 3075 5807 ὁρωμένων),
3110 5743 3314 5792 αθῆείθο

1726 5817 1841 5869 bant
1867 5828 1878 5870 ;
1909 5814 1997 5861 sed
2022 5808 2082 5861 ea
2116 5809 2276 5860 series
2301 5808 2596 5873 postulabat.
