3730 6318
366 289 391 307 νη

470 337 575 393 485

467 451 689 521 requirit
714 464 743 502 a
774 458 845 512 te,
876 462 1033 517 quam
1056 453 1113 499 ut
1143 445 1313 514 ipsum
1339 443 1527 513 diligas
1555 458 1618 494 ex
1641 449 1752 495 toto
1777 436 1960 501 corde,
1993 443 2048 489 et

468 542 629 595 facias
659 539 906 593 mandata
941 538 1055 606 ejus
1084 534 1272 607 (Marc.
1303 534 1390 588 12.
1412 534 1535 602 50).
1582 532 1680 600 Qui
1709 532 1850 585 cnim
1881 526 2052 596 diligit

466 638 602 685 sicut
654 638 862 698 oportet
915 629 1101 691 Deum,
1140 626 1476 679 manifestum
1513 625 1653 693 quod
1701 631 1756 677 et
1801 619 2049 675 mandata

462 724 581 790 ejus
605 720 827 789 implere
856 719 1073 772 nitatur.
1102 716 1324 784 Quando
1353 716 1493 769 enim
1526 715 1643 783 quis
1664 726 1787 780 erga
1809 710 2041 779 aliquem

468 816 704 866 fraterne
729 810 975 871 afﬁcitur.
1005 810 1182 863 omnia
1235 807 1407 861 facere
1454 805 1650 869 studet,
1698 812 1754 857 ut
1796 802 2048 855 dilectum

465 903 733 957 attrahere
755 901 922 971 possit
954 899 1005 953 in
1033 912 1271 952 amorem
1298 911 1473 950 suum.
1528 895 1590 949 Et
1643 907 1737 947 nos
1765 905 1978 961 quoque
2004 890 2049 943 si

469 993 749 1047 hominum
779 991 984 1044 sincere
1011 989 1371 1046 dilexerimus.
1396 984 1639 1038 mandata
1670 984 1785 1051 ejus
1808 980 2048 1049 implere,

476 1082 720 1150 nihilque
747 1094 953 1143 eorum,
983 1093 1101 1147 qu:e
1131 1076 1450 1132 exacerbare
1477 1080 1725 1142 poterunt
1774 1070 2048 1131 dilectum,

473 1172 656 1226 facere
681 1170 1027 1224 studebimus.
1052 1168 1163 1222 Hoc
1189 1166 1346 1221 fuerit
1369 1180 1590 1234 regnum
1628 1163 1903 1228 cmlorum,
1953 1161 2053 1215 hoc

473 1263 734 1316 bonorum
762 1261 938 1314 fruitio
963 1276 977 1322 ;
1007 1259 1106 1313 hoc
1149 1258 1350 1312 inﬁnita
1392 1256 1529 1310 bona
1569 1255 1826 1319 continet,
1856 1254 1899 1307 si
1926 1267 2051 1323 ger-

469 1368 627 1406 mane
678 1360 731 1405 et
778 1352 914 1404 sicut
948 1359 1156 1419 Oportet
1206 1364 1328 1404 eum
1373 1348 1620 1403 dilexeris
1655 1364 1667 1399 :
1700 1346 1846 1400 illum
1874 1353 2052 1399 autem

477 1444 683 1497 sincere
729 1441 1032 1510 diligimus,
1062 1440 1107 1493 si
1154 1447 1370 1509 propter
1411 1439 1685 1492 caritatem
1727 1440 1778 1489 in
1807 1450 1952 1500 eum,
2000 1445 2056 1490 et

465 1550 593 1603 erga
620 1547 909 1587 conservos
947 1531 1177 1584 multam.
1219 1529 1565 1583 exhibeamus
1596 1527 1955 1583 dilectionem.
1989 1526 2054 1580 In

471 1625 547 1677 his
572 1625 703 1676 enim
726 1621 919 1675 duobus
940 1620 1208 1685 mandatis,
1252 1618 1441 1687 inquit,
1485 1620 1715 1671 universa
1744 1618 1827 1671 lea:
1854 1626 1901 1670 et
1930 1632 2054 1687 pro-

471 1717 632 1784 pheta:
676 1716 888 1783 pendent
934 1711 1144 1784 (Matth.
1185 1710 1275 1763 22.
1328 1708 1435 1781 40)
1466 1725 1478 1762 :
1512 1724 1701 1778 nempe
1758 1717 1816 1762 ut
1868 1707 2056 1778 diligas

473 1807 755 1862 Dominum
783 1806 949 1859 Deum
995 1810 1141 1857 tuum
1176 1817 1241 1857 ex
1288 1809 1397 1856 toto
1421 1801 1583 1856 corde
1609 1810 1700 1855 tuo
1720 1841 1735 1867 ,
1771 1808 1826 1855 et
1852 1817 1917 1855 ex
1947 1810 2054 1855 tota

472 1908 651 1952 mente
682 1906 788 1962 tua,
821 1905 874 1950 et
899 1910 962 1950 ex
989 1893 1234 1949 omnibus
1262 1892 1459 1947 viribus
1488 1895 1630 1958 tuis;
1664 1900 1719 1947 et
1756 1892 2057 1962 proximum

470 1999 619 2043 tuum
635 1987 771 2041 sicut
806 1986 1035 2054 teipsum
1066 1982 1255 2056 (Marc.
1282 1983 1369 2037 19..
1400 1984 1485 2039 50.
1520 1983 1634 2054 51).
1666 1982 1791 2038 Haec
1818 1984 2054 2038 omnium

474 2080 728 2132 virtutum
751 2089 980 2141 summa,
1008 2072 1109 2128 hoc
1125 2073 1547 2128 fundamentum.
1575 2073 1744 2128 Simul
1767 2074 1909 2128 enim
1935 2087 2055 2128 cum

471 2167 691 2221 caritate
712 2166 766 2219 in
800 2165 962 2219 Deum
990 2163 1282 2233 ingreditur
1305 2162 1521 2217 dilectio
1545 2163 1790 2233 proximi.
1813 2162 1946 2217 Nam
1966 2163 2056 2232 qui

474 2258 637 2311 Deum
660 2255 849 2324 diligit,
883 2269 988 2307 non
1017 2252 1273 2321 despiciet
1298 2252 1534 2318 fratrem,
1566 2268 1738 2322 neque
1767 2268 1896 2321 opes
1942 2254 2059 2322 plu-

474 2349 567 2412 ris,
601 2360 761 2416 quam
786 2344 1081 2398 membrum
1108 2358 1260 2397 suum
1284 2384 1299 2409 ,
1329 2343 1521 2409 faciet,
1550 2340 1918 2414 sedmagnam
1949 2360 2057 2414 pra:

473 2452 530 2490 se
562 2437 693 2491 feret
720 2435 1127 2505 benignitatem,
1165 2450 1372 2490 memor
1394 2435 1509 2497 ejus
1537 2436 1625 2505 qui
1652 2435 1791 2491 dixit
1820 2454 1834 2491 :
1865 2436 1964 2503 Qui
1984 2438 2059 2508 fe-

474 2534 593 2585 cerit
619 2531 812 2602 aliquid
837 2531 1114 2585 unihorum
1130 2530 1468 2595 minimarum,
1491 2531 1613 2584 milii
1630 2530 1801 2598 fecerit
1830 2530 2045 2602 (Matth.

478 2622 569 2677 25.
594 2622 721 2691 40).
754 2622 819 2676 Et
842 2623 1099 2691 cogitans,
1127 2628 1343 2690 propter
1366 2620 1714 2678 ministerium
1747 2622 1797 2675 iu
1837 2637 2056 2678 conser-

475 2729 596 2767 vum
628 2713 793 2768 Deum
820 2713 991 2781 ipsum
1020 2727 1138 2767 esse
1162 2713 1250 2781 qui
1280 2720 1334 2766 ut
1364 2712 1461 2766 sibi
1502 2712 1795 2781 praestitum
1824 2712 2057 2768 ofﬁcium

476 2805 758 2871 adscribat,
808 2819 997 2873 magna
1045 2818 1164 2857 cum
1194 2802 1467 2857 alacritate
1510 2803 1688 2857 omnia
1731 2804 2056 2873 operabitur,

478 2911 826 2969 magnamque
856 2895 1226 2950 liberalitatem
1267 2894 1537 2949 exhibebit
1577 2895 1719 2949 circa
1766 2896 2063 2967 eleemOSy-

478 3007 620 3057 nam,
642 3006 743 3045 non
774 2989 839 3043 ad
866 2989 1115 3043 vilitatem
1144 2987 1430 3058 respiciens
1448 2987 1691 3055 pauperis
1708 2987 1797 3057 qui
1822 2996 2059 3056 apparet,

479 3083 571 3137 sed
601 3082 665 3136 ad
714 3080 1130 3152 magnitudinem
1170 3082 1287 3147 ejus
1332 3080 1421 3149 qui
1464 3080 1708 3147 promisit
1751 3094 1809 3135 se
1853 3079 2061 3134 habitu-

479 3190 594 3229 rum
626 3174 844 3243 perinde
875 3187 938 3226 ac
970 3172 1015 3226 si
1046 3171 1143 3225 sibi
1186 3170 1321 3223 facta
1350 3182 1552 3234 essent,
1583 3185 1932 3240 qumeumque
1983 3170 2063 3224 illi

481 3269 613 3323 facta
640 3266 849 3321 fuerint.
882 3265 957 3320 Ne
982 3266 1139 3334 igitur
1182 3274 1558 3332 praetereamus
1583 3264 1912 3332 simpliciter,
1943 3278 2062 3331 oro,

481 3360 682 3412 lucrum
709 3366 1009 3410 nostrarum
1039 3354 1332 3407 animarum
1361 3364 1413 3408 et
1434 3355 1727 3408 remedium
1762 3364 2062 3408 nostrorum

484 3450 777 3503 vulnerum.
809 3446 922 3501 Hoc
943 3445 1105 3509 enim,
1160 3443 1261 3498 hoc
1288 3446 1572 3499 maximum
1616 3445 1958 3515 pharmacum
1991 3449 2060 3503 ita

481 3541 687 3596 curabit
721 3550 775 3596 et
801 3539 1033 3595 abolebit
1065 3539 1243 3594 ulcera
1288 3541 1585 3593 animarum
1637 3551 1938 3597 nostrarum
1960 3586 1975 3609 ,
2008 3554 2067 3598 ut

484 3650 655 3704 neque
678 3634 953 3703 vestigium
978 3647 1150 3701 neque
1173 3632 1389 3686 cicatrix
1411 3632 1584 3702 aliqua
1611 3635 1917 3703 apparitura
1947 3638 2017 3691 sit
2047 3655 2059 3691 :

484 3724 536 3777 id
587 3722 727 3792 quod
775 3723 826 3775 in
869 3721 1109 3789 corporis
1151 3721 1455 3775 vulneribus
1503 3736 1607 3777 non
1660 3732 1742 3777 est
1795 3725 2061 3793 possibile.

485 3813 615 3867 Nam
646 3814 769 3866 licet
806 3812 922 3880 quis
958 3811 1147 3865 millies
1194 3814 1574 3880 cataplasmata
1604 3827 1819 3883 accepta
1843 3830 1871 3869 a
1901 3817 2069 3872 medi-

495 3910 575 3962 eis
600 3912 943 3976 superponat,
960 3920 1181 3961 necesse
1199 3915 1282 3961 est
1319 3907 1615 3962 cicatricem
1636 3908 1689 3962 in
1706 3925 1927 3978 corpore
1955 3926 2070 3964 ma-

487 4013 654 4061 nere;
686 4007 737 4051 et
764 3998 952 4049 merito
980 4014 993 4049 :
1020 4010 1212 4065 corpus
1237 3997 1377 4051 enim
1409 4008 1491 4051 est
1536 3998 1676 4068 quod
1704 4008 1941 4054 curatur.
1972 4001 2069 4055 llic

489 4097 664 4142 autem
693 4088 811 4156 quia
835 4086 1008 4139 anima
1044 4094 1126 4140 est
1154 4102 1270 4155 qua:
1299 4096 1513 4141 curatur
1535 4129 1551 4154 ,
1586 4089 1797 4156 quando
1824 4091 1942 4159 quis
1971 4090 2067 4144 bo-

490 4192 613 4231 nam
654 4190 801 4229 suam
846 4175 1175 4229 voluntatem
1216 4175 1468 4241 declarat,
1514 4178 1731 4231 multam
1778 4179 1830 4233 in
1879 4179 2070 4233 melius

495 4266 839 4321 mulationem
860 4266 1057 4334 accipit
1086 4282 1100 4318 ε
1134 4275 1189 4319 et
1224 4266 1303 4319 sic
1326 4266 1502 4320 omnia
1536 4267 1715 4322 ulcera
1747 4269 1988 4339 depellit,
2014 4280 2071 4324 ut

458 4365 680 4427 .ventus
726 4356 1017 4411 vehemens
1058 4355 1329 4426 pulverem
1371 4356 1639 4412 deturbat.
1682 4361 1855 4429 Atque
1882 4360 2067 4415 horum

495 4446 729 4502 omnium
776 4447 1037 4515 exemplis
1063 4448 1233 4516 plente
1280 4457 1405 4502 sunt
1432 4448 1743 4518 Scripturae.
1772 4450 1845 4504 Ita
1876 4452 2070 4506 Paulus

491 4540 764 4610 apostolus
792 4541 958 4596 factus
991 4551 1072 4598 est
1100 4558 1166 4597 ex
1188 4552 1589 4613 persequutore,
1611 4556 1664 4601 et
1685 4549 1774 4617 qui
1801 4550 1947 4618 prius
1974 4549 2071 4602 ini-

494 4630 758 4702 pugnabat
786 4631 1100 4698 Ecclesiam,
1141 4643 1320 4701 postea
1346 4634 1518 4691 factus
1542 4646 1625 4692 est
1642 4640 1757 4708 ejus
1777 4638 2067 4709 prouubus.

570 4721 625 4775 4.
671 4720 818 4775 Brevi
862 4729 1081 4791 tempore
1110 4732 1269 4791 potest
1312 4725 1609 4780 delictorum
1648 4730 1872 4783 remissio
1917 4730 2073 4800 impe-

501 4812 643 4865 trari.
680 4811 1022 4882 Elecmosynw
1047 4814 1356 4883 magnitudo.
1378 4816 1651 4872 —Vidisti
1680 4829 1872 4888 quanta
1895 4836 2071 4874 rerum

499 4905 842 4961 vicissitudo?
868 4904 1046 4959 vidisti
1073 4918 1265 4975 quanta
1290 4912 1694 4965 transmutatio?
1720 4910 1808 4967 Sic
1837 4921 1892 4968 et
1912 4915 2069 4979 latro,

496 4998 588 5066 qui
617 4996 779 5050 multa
806 4993 1003 5050 fecerat
1032 4996 1337 5064 homicidia,
1370 5000 1421 5052 in
1444 5016 1550 5054 uno
1576 5003 1832 5071 temporis
1858 5017 2070 5073 puncto,

499 5097 716 5156 propter
744 5101 908 5155 pauca
935 5086 1023 5140 illa
1053 5087 1217 5141 verba
1248 5089 1317 5142 ita
1347 5091 1525 5144 omnia
1550 5091 1715 5147 abluit
1755 5105 1990 5163 peccata,
2020 5105 2077 5151 ut

500 5180 710 5232 audiret
737 5194 767 5232 a
812 5179 1036 5234 Domino
1078 5197 1092 5233 :
1147 5179 1314 5235 Hodie
1364 5199 1556 5237 mecum
1603 5187 1699 5241 eris
1744 5188 1797 5241 in
1840 5190 2076 5258 paradiso

506 5270 655 5335 (Luc.
678 5270 770 5324 23.
801 5271 871 5327 43
893 5271 932 5340 ).
960 5270 1050 5326 Sic
1074 5280 1128 5326 et
1148 5274 1480 5341 publicanus,
1507 5278 1596 5346 qui
1626 5292 1957 5346 percusserat
1986 5298 2078 5350 ρυ-

503 5370 640 5423 ctus,
674 5368 728 5414 et
748 5374 845 5414 sua
876 5368 1090 5429 peccata
1119 5363 1396 5419 confesSus
1415 5377 1549 5432 erat,
1582 5368 1857 5426 descendit
1879 5373 2076 5442 justiﬁ-

505 5459 652 5504 catus
678 5452 865 5520 magis,
892 5467 1049 5521 quam
1095 5453 1397 5510 Pharismus
1432 5456 1451 5527 (
1484 5456 1570 5511 Id.
1602 5460 1690 5514 18.
1722 5462 1849 5532 13).
1881 5463 2075 5518 Verum

507 5556 695 5594 omnes
728 5542 781 5595 hi
826 5544 1019 5597 anima:
1057 5557 1166 5599 sua:
1196 5545 1392 5600 bonum
1433 5548 1678 5604 all‘ectum
1723 5553 2075 5622 declararunt,

508 5640 563 5683 et
600 5629 775 5699 priora
817 5632 1043 5687 confessi
1079 5646 1314 5701 peccata,
1368 5639 1733 5696 remissionem
1783 5646 2075 5701 obtinuere.

516 5718 795 5777 Videamus
823 5731 1000 5780 autem
1021 5734 1073 5780 et
1099 5723 1258 5795 hujus
1286 5729 1519 5785 mandati
1540 5733 1717 5801 robur,
1745 5747 1800 5791 et
1826 5751 2075 5809 quautam

1210 330 1265 383 s.
1306 326 1581 384 .IOANNIS
1620 316 2086 379 etiuvsosront
2127 317 2442 408 aniculae.
2482 318 3013 377 CONSTANTINOP.
3616 329 3671 385 ια

2158 432 2494 489 abundantia:
2523 435 2629 489 viui
2670 438 2937 506 possideat
2965 439 3109 509 larga
3138 439 3499 509 eleemosyna
3525 481 3542 503 ,
3560 452 3600 495 nt
3615 458 3679 500 01a

2156 521 2499 579 didicerimus
2524 525 2726 580 lucrum
2749 528 2890 597 quod
2916 528 3040 584 inde
3064 532 3323 593 nascitur,
3356 530 3599 584 alacriter
3616 549 3679 588 ean

2156 612 2458 684 largiamur.
2489 616 2648 672 Forte
2672 620 2814 674 enim
2848 629 2992 676 tanta
3020 621 3138 691 ejus
3164 632 3244 676 est
3271 631 3549 692 potestas,
3570 634 3607 676 ut
3626 642 3680 679 nec:

2157 706 2329 760 solum
2366 716 2577 775 peccata
2621 726 2867 779 purgare,
2895 713 2989 767 sed
3018 722 3073 768 et
3099 722 3329 767 mortem
3361 713 3554 780 fugare
3570 718 3681 768 talen

2157 796 2227 850 Et
2253 798 2536 866 quomodo,
2562 814 2661 869 ego
2689 800 2883 855 dicam.
2917 802 2983 856 Et
3008 804 3149 872 quis,
3177 803 3321 857 dicet
3354 802 3579 871 aliquis,
3598 806 3678 858 eler-

2158 900 2436 957 mosynam
2468 887 2685 954 faciens,
2702 892 2945 960 superior
2965 904 3136 948 morte
3154 892 3326 948 factus
3344 896 3478 947 est?
3500 892 3681 947 Sanetu-

2159 992 2255 1033 nes
2285 977 2529 1032 videmur
2551 980 2648 1034 sub
2682 981 2870 1036 mortis
2895 983 3229 1053 tyrannidem
3262 985 3509 1038 venisse.
3547 982 3677 1038 Netu-

2157 1067 2320 1131 beris,
2351 1065 2562 1133 dilecte,
2594 1069 2686 1124 sed
2715 1071 2872 1124 rebus
2889 1072 3017 1140 ipsis
3039 1071 3187 1126 disce
3212 1071 3501 1141 quomodo
3518 1072 3680 1125 eiecim-

2158 1173 2308 1229 synte
2360 1162 2439 1214 vis
2487 1170 2540 1215 et
2592 1162 2779 1215 mortis
2810 1161 2935 1215 vicit
2963 1162 3323 1233 tyrannidem.
3383 1162 3606 1216 Tabitlia
3626 1178 3680 1215 ea

2157 1251 2386 1317 mulier,
2420 1251 2572 1321 cujus
2622 1267 2815 1307 nomen
2851 1254 2895 1307 si
2926 1254 3045 1323 quis
3099 1255 3505 1324 interpretatur
3532 1295 3547 1317 ,
3571 1256 3683 1308 diem

2160 1339 2358 1394 Dorcas
2386 1357 2400 1393 :
2441 1340 2555 1395 haec
2572 1342 2806 1410 quotidie
2826 1342 3238 1412 dabatoperam,
3278 1354 3342 1396 ut
3368 1344 3626 1412 colligeret
3649 1362 3681 1397 ει

2158 1431 2498 1502 eleemosyna
2528 1433 2756 1487 divitias.
2795 1433 2861 1487 Et
2906 1435 3183 1500 vestiebat,
3215 1436 3438 1503 inquit,
3465 1434 3686 1497 viduam:

2158 1523 2292 1578 alios
2320 1538 2510 1579 omnes
2548 1534 2797 1594 sumptus
2825 1525 2905 1580 eis
2936 1526 3227 1594 praebebat.
3274 1526 3510 1580 Factum
3553 1537 3615 1580 est
3635 1542 3686 1579 ιε-

2159 1622 2268 1669 tem
2293 1624 2349 1669 ut
2398 1616 2664 1670 inlirmata
2696 1618 2810 1686 ipsa
2844 1628 3161 1672 moreretur.
3190 1618 3297 1673 Sed
3329 1619 3459 1672 vide
3499 1622 3689 1687 quem.

2160 1707 2244 1763 hae
2271 1725 2389 1777 quae
2417 1711 2485 1763 ab
2531 1710 2619 1763 illa
2649 1711 2989 1777 curabantur,
3021 1719 3076 1766 et
3105 1726 3239 1782 quas
3264 1711 3561 1776 vestiebat,
3592 1713 3691 1765 beas

2159 1797 2312 1853 ﬁcam
2344 1810 2641 1869 opportune
2675 1802 3088 1856 remunerarint.
3132 1803 3354 1856 Stantes
3378 1802 3529 1855 circa
3552 1814 3691 1869 aposto-

2159 1887 2268 1943 lum
2296 1930 2311 1956 ,
2343 1891 2732 1955 monstrabant,
2770 1892 2975 1963 inquit,
3002 1893 3050 1946 ei
3081 1902 3282 1958 vestes,
3312 1901 3372 1946 et
3420 1906 3601 1947 manu:
3622 1911 3691 1963 qua

2160 1979 2408 2047 faciebat,
2454 1997 2575 2037 cum
2602 1984 2776 2039 adhuc
2813 1985 2867 2039 in
2914 1985 3162 2040 humanis
3190 1996 3380 2055 ageret
3434 1986 3692 2041 Dor-casus

2158 2073 2426 2126 alumnam
2454 2076 2816 2144 requirebant,
2851 2076 3116 2147 lacrymas
3152 2078 3692 2147 profundebant,etal

2159 2180 2403 2236 magnam
2432 2167 2829 2224 miserationem
2858 2170 3159 2237 apostolum
3202 2172 3587 2239 provocabant.
3608 2172 3691 2238 Quid

2160 2257 2320 2326 igitur
2347 2258 2539 2313 beatus
2568 2259 2800 2314 Petrus?
2830 2260 3048 2314 Genibus
3093 2262 3293 2330 positis,
3328 2263 3526 2331 inquit,
3548 2267 3692 2314 orarit:

2160 2357 2205 2402 et
2225 2363 2489 2403 conversus
2524 2350 2592 2403 ad
2617 2366 2822 2419 corpus,
2852 2351 2981 2405 dixit
3002 2368 3020 2405 :
3045 2351 3282 2417 Tabitha,
3332 2370 3512 2424 surge.
3539 2354 3623 2407 Ιιιι
3638 2372 3692 2403 a-

2160 2450 2258 2495 tem
2293 2444 2490 2512 aperuit
2520 2444 2690 2497 oculos
2732 2460 2889 2509 suos,
2933 2454 2979 2498 et
3005 2454 3059 2497 ut
3103 2445 3226 2497 vidit
3267 2443 3514 2509 Petrum,
3558 2452 3692 2498 remi.

2161 2532 2300 2587 Data
2323 2543 2492 2588 autem
2520 2534 2563 2588 ei
2589 2550 2764 2601 manu,
2787 2535 2941 2587 erexit
2957 2550 3063 2588 eam
3095 2550 3114 2588 :
3138 2543 3187 2588 et
3209 2536 3485 2589 accersitis
3511 2536 3692 2589 suum

2161 2624 2343 2691 viduis,
2371 2624 2734 2677 commendavit
2753 2624 2856 2678 illis
2882 2640 2991 2678 eam
3010 2625 3167 2678 vivam
3199 2624 3345 2696 (Act.
3374 2626 3435 2681 9.
3459 2627 3570 2694 ω).
3596 2626 3692 2677 W-

2162 2715 2229 2768 sti
2251 2715 2498 2770 virtutem
2528 2715 2774 2785 apostoli,
2804 2716 2911 2769 imo
2928 2716 3199 2783 operantis
3229 2732 3335 2787 per
3364 2732 3493 2773 eum
3518 2715 3692 2772 ὒοιιιεὶεἲ

2162 2805 2340 2860 vidisti
2362 2816 2556 2876 quanta
2583 2808 2861 2862 retributio
2881 2807 3244 2864 beneﬁcentia:
3268 2810 3325 2864 in
3355 2810 3564 2875 viduas,
3588 2822 3692 2864 ω

2164 2898 2216 2952 iu
2241 2899 2528 2968 praesenti?
2570 2899 2706 2965 Quid
2737 2901 2877 2956 enim
2905 2911 3132 2966 tantum,
3170 2917 3385 2971 quat-so,
3422 2904 3625 2971 prabet:
3646 2904 3692 2951 7.»:

2165 2992 2356 3057 viduis,
2383 3001 2635 3062 quantum
2666 2993 2770 3048 illa:
2807 2995 2855 3049 ei
2883 2994 3285 3063 rependerunt?
3317 2995 3518 3051 Vestes
3545 2996 3692 3065 praet

2166 3092 2220 3136 et
2243 3082 2516 3146 alimenta,
2543 3082 2637 3137 sed
2679 3084 2784 3138 illa;
2822 3084 2892 3138 ad
2915 3086 3076 3139 vitam
3100 3083 3241 3139 hanc
3287 3085 3635 3147 reduxerunt;
3672 3102 3691 3139 Cl

2166 3182 2395 3229 mortem
2421 3176 2488 3229 ab
2508 3189 2568 3229 ea
2614 3176 2861 3245 fugarunt
2889 3193 2902 3229 :
2933 3176 3041 3229 imo
3068 3190 3172 3230 non
3217 3176 3352 3239 illae.
3382 3179 3487 3233 sed
3526 3181 3692 3233 eleuet

2168 3265 2422 3320 Dominus
2444 3274 2624 3320 noster
2649 3274 2862 3336 propter
2885 3281 3067 3321 curam
3089 3282 3249 3337 quam
3280 3268 3392 3323 illis
3416 3270 3691 3339 impendat.

2170 3355 2387 3410 Vidistis
2432 3356 2724 3425 pharmaci'
2749 3359 3063 3427 potentiam,
3096 3359 3493 3415 dilectissimi?
3518 3363 3611 3415 Hoc
3634 3380 3692 3414 ea

2168 3461 2265 3500 nes
2309 3447 2596 3517 nobisipsis
2638 3463 2929 3517 paremus:
2969 3465 3143 3521 neque
3196 3452 3344 3505 enim
3398 3462 3691 3523 sumptuosa

2169 3545 2272 3601 est,
2305 3539 2549 3608 quamvis
2571 3548 2733 3594 tanta:
2757 3541 2827 3594 sit
2854 3542 3082 3606 virtutis,
3108 3541 3203 3596 sed
3223 3552 3283 3596 et
3306 3544 3405 3597 vili
3428 3548 3624 3605 emitur,
3648 3561 3692 3595 εμπ

2170 3627 2337 3681 multo
2364 3636 2579 3697 sumptu
2626 3629 2848 3698 indiget.
2902 3630 3207 3700 Magnitudo
3234 3634 3387 3687 enim
3415 3635 3692 3703 eleemcsym

2170 3733 2274 3773 non
2303 3719 2356 3773 in
2386 3720 2721 3774 multitudine
2744 3723 3084 3791 pecuniarum
3110 3722 3191 3776 vel
3213 3737 3384 3792 opum
3416 3726 3516 3779 sita
3542 3738 3633 3781 est.
3650 3740 3691 3775 sn

2170 3823 2236 3864 ex
2265 3810 2535 3865 alacritate
2558 3810 2793 3865 dantium
2820 3812 3085 3880 judicatur
3109 3812 3323 3883 (Matth.
3361 3816 3453 3869 to.
3489 3817 3594 3880 ἃ).
3619 3815 3691 3869 Pri

2174 3911 2289 3970 pter
2309 3901 2411 3955 hoc
2435 3910 2489 3956 et
2518 3902 2609 3971 qui
2655 3911 2835 3972 potum
2866 3918 3019 3973 aqua:
3059 3903 3268 3974 frigida:
3297 3904 3474 3971 dedit,
3517 3917 3692 3974 accepti

2171 4002 2274 4056 est,
2316 4007 2522 4047 necnon
2554 4009 2615 4047 ea
2662 4009 2780 4062 qute
2806 3995 2914 4048 duo
2936 3996 3140 4049 minuta
3182 3996 3235 4049 in
3282 3998 3570 4052 corbomm
3614 4002 3691 4051 si:

2172 4082 2326 4151 (Luc.
2356 4083 2446 4137 2t.
2469 4084 2505 4136 2
2527 4084 2546 4154 )
2568 4126 2580 4147 ,
2628 4094 2686 4138 ut
2730 4084 3015 4149 discamus,
3048 4085 3244 4155 ubique
3293 4096 3503 4141 rectam
3532 4100 3692 4141 mu:

2173 4174 2370 4244 requiri
2398 4175 2465 4229 ab
2491 4176 2858 4230 universorum
2902 4177 3147 4231 Domino.
3182 4177 3325 4232 Fieri
3372 4188 3549 4247 potest
3574 4190 3627 4230 ut
3660 4193 3691 4233 et

2175 4280 2358 4334 parum
2386 4264 2563 4330 habet,
2594 4281 2841 4336 magnam
2875 4282 2983 4336 pra:
3024 4282 3083 4322 se
3122 4267 3265 4322 ferat
3291 4269 3691 4324 liberalitates)»

2176 4373 2364 4428 magna
2392 4363 2530 4413 valet
2554 4359 2824 4413 alacritate
2854 4375 2870 4413 :
2898 4369 2952 4413 et
2973 4360 3065 4430 qui
3094 4361 3261 4415 multa
3287 4363 3529 4431 possidet
3550 4405 3562 4421 .
3584 4362 3691 4415 ualeat

2187 4448 2432 4504 videatur
2461 4449 2525 4503 iis
2549 4450 2637 4519 qui
2676 4466 2855 4518 parum
2884 4450 3101 4520 habent,
3132 4463 3357 4522 promer
3382 4455 3576 4509 sordidi
3596 4456 3691 4504 asa

2177 4540 2532 4596 tenacitatem.
2606 4541 2951 4598 Eﬁ'undamus
3014 4544 3209 4613 igitur,
3263 4560 3492 4615 quaso,
3542 4547 3692 4599 [sisi-it

2177 4642 2257 4687 tes
2300 4640 2508 4686 nostras
2568 4632 2620 4685 in
2644 4647 2842 4701 egenos
2866 4644 3043 4689 mente
3073 4635 3301 4702 liberali,
3334 4653 3405 4691 ex
3434 4638 3500 4690 iis
3524 4653 3633 4706 qn:
3660 4654 3691 4685 ιΑ

2178 4725 2258 4779 bis
2284 4725 2539 4779 Dominus
2584 4724 2730 4780 dedit
2758 4743 2772 4780 :
2801 4735 2853 4779 et
2882 4742 2999 4795 qua:
3028 4727 3094 4780 ab
3116 4742 3181 4781 eo
3207 4728 3332 4781 data
3362 4740 3510 4793 sunt,
3539 4730 3629 4797 ipsi
3656 4730 3692 4779 ii

2178 4834 2296 4873 rum
2321 4819 2527 4884 demus,
2584 4827 2639 4874 ut
2677 4822 2755 4874 sic
2793 4819 2983 4875 iterum
3024 4831 3203 4876 nostra
3248 4838 3377 4877 cum
3426 4825 3572 4879 lucro
3612 4824 3692 4875 tim

2180 4912 2347 4966 Tanta
2397 4912 2541 4966 enim
2595 4913 2712 4980 ejus
2764 4922 2848 4967 est
2901 4914 3222 4981 liberalitas,
3279 4926 3341 4970 ut
3384 4918 3513 4972 licet
3546 4914 3691 4981 mea

2181 5004 2248 5059 de
2278 5004 2342 5058 iis
2394 5020 2511 5074 qua:
2555 5005 2668 5074 ipsc
2711 5006 2880 5072 dedit,
2921 5021 3025 5061 non
3058 5017 3205 5076 putet
3250 5018 3432 5065 tamen
3471 5014 3671 5080 propria

2179 5097 2443 5167 accipere,
2490 5097 2583 5151 sed
2632 5113 2818 5167 magna
2863 5098 3220 5154 muniﬁcentia
3250 5102 3409 5157 nobis
3433 5118 3503 5158 ea
3535 5102 3692 5156 regi

2182 5203 2297 5243 rum
2325 5203 2384 5243 se
2412 5188 2727 5257 pollicetur;
2783 5197 2987 5243 tantum
3037 5191 3083 5244 si
3113 5205 3211 5245 nos
3250 5207 3376 5261 quae
3423 5204 3599 5248 nostra
3638 5206 3692 5245 sa

2182 5278 2359 5335 facere
2406 5280 2666 5345 velimus,
2711 5292 2765 5336 et
2790 5280 2868 5336 sic
2910 5283 3229 5352 pauperibus
3255 5301 3567 5356 erogemus.
3609 5297 3692 5349 qua

2183 5371 2513 5440 deponentes
2565 5386 2624 5425 ea
2684 5372 2736 5425 in
2782 5388 2971 5428 manus
3028 5374 3236 5429 Domini
3289 5394 3305 5430 :
3361 5380 3692 5439 saeptae:

2184 5478 2410 5533 cumque
2456 5464 2722 5533 acceperit
2775 5479 2964 5520 manus
3001 5467 3110 5529 illa,
3164 5482 3229 5522 ea
3267 5483 3378 5523 non
3427 5471 3594 5525 solum
3644 5482 3692 5520 ﬁ

2184 5557 2436 5622 dituram,
2481 5557 2578 5613 sed
2609 5558 2954 5627 multiplicata
2999 5560 3152 5616 nobis
3188 5563 3387 5618 iterum
3442 5564 3692 5632 largim

2186 5663 2299 5704 sua:
2348 5648 2676 5703 liberalitatis
2710 5649 2931 5719 gloriam
2976 5650 3364 5709 declarantem.
3407 5655 3481 5709 Et
3526 5654 3637 5719 quid
3688 5668 3692 5701 ι

2189 5755 2331 5809 sero,
2353 5754 2415 5795 ea
2453 5738 2679 5796 reddere
2707 5738 3102 5810 multiplicata?
3128 5741 3315 5799 Manus
3342 5746 3433 5801 illa
3459 5760 3565 5801 non
3588 5757 3645 5796 ea
3680 5756 3692 5793 ς
