  <div class='ocr_page' id='page_1' title='image "/cluster/home/n/w/nwhite01/storage/ocr_20150623/53-54/hvd.32044012465829/490.png"; bbox 0 0 3782 6248; ppageno 0'>
   <div class='ocr_carea' id='block_1_1' title="bbox 54 309 161 365">
    <p class='ocr_par' dir='ltr' id='par_1_1' title="bbox 54 309 161 365">
     <span class='ocr_line' id='line_1_1' title="bbox 54 309 161 365; baseline 0 -1"><span class='ocrx_word' id='word_1_1' title='bbox 54 309 161 365; x_wconf 72' lang='grc' dir='ltr'>ι83</span> 
     </span>
    </p>
   </div>
   <div class='ocr_carea' id='block_1_2' title="bbox 54 412 1612 485">
    <p class='ocr_par' dir='ltr' id='par_1_2' title="bbox 54 412 1612 485">
     <span class='ocr_line' id='line_1_2' title="bbox 54 412 1612 485; baseline -0.003 -14"><span class='ocrx_word' id='word_1_2' title='bbox 54 419 149 472; x_wconf 74' lang='grc' dir='ltr'>καὶ</span> <span class='ocrx_word' id='word_1_3' title='bbox 180 416 352 469; x_wconf 81' lang='grc' dir='ltr'>ποιεῖν</span> <span class='ocrx_word' id='word_1_4' title='bbox 375 412 474 477; x_wconf 72' lang='grc' dir='ltr'>τὰς</span> <span class='ocrx_word' id='word_1_5' title='bbox 498 412 715 476; x_wconf 78' lang='grc' dir='ltr'>ἐντολὰς</span> <span class='ocrx_word' id='word_1_6' title='bbox 747 412 931 467; x_wconf 82' lang='grc' dir='ltr'>αὐτοῦ.</span> <span class='ocrx_word' id='word_1_7' title='bbox 974 414 1033 467; x_wconf 93' lang='lat'>&#39;0</span> <span class='ocrx_word' id='word_1_8' title='bbox 1063 414 1171 485; x_wconf 79' lang='grc' dir='ltr'>γὰρ</span> <span class='ocrx_word' id='word_1_9' title='bbox 1198 414 1424 482; x_wconf 83' lang='grc' dir='ltr'>ἀγαπῶν</span> <span class='ocrx_word' id='word_1_10' title='bbox 1451 415 1612 468; x_wconf 77' lang='grc' dir='ltr'>αὐτὸν</span> 
     </span>
    </p>
   </div>
   <div class='ocr_carea' id='block_1_3' title="bbox 53 494 1613 566">
    <p class='ocr_par' dir='ltr' id='par_1_3' title="bbox 53 494 1613 566">
     <span class='ocr_line' id='line_1_3' title="bbox 53 494 1613 566; baseline -0.004 -14"><span class='ocrx_word' id='word_1_11' title='bbox 53 499 175 553; x_wconf 85' lang='grc' dir='ltr'>καθ’</span> <span class='ocrx_word' id='word_1_12' title='bbox 200 497 259 552; x_wconf 86' lang='grc' dir='ltr'>δν</span> <span class='ocrx_word' id='word_1_13' title='bbox 304 497 385 550; x_wconf 85' lang='grc' dir='ltr'>δεῖ</span> <span class='ocrx_word' id='word_1_14' title='bbox 416 496 616 566; x_wconf 78' lang='grc' dir='ltr'>τρόπον</span> <span class='ocrx_word' id='word_1_15' title='bbox 663 497 902 566; x_wconf 82' lang='grc' dir='ltr'>ἀγαπᾷν,</span> <span class='ocrx_word' id='word_1_16' title='bbox 937 495 1177 565; x_wconf 89' lang='grc' dir='ltr'>δηλονότι</span> <span class='ocrx_word' id='word_1_17' title='bbox 1208 496 1418 560; x_wconf 73' lang='grc' dir='ltr'>καὶτὰς</span> <span class='ocrx_word' id='word_1_18' title='bbox 1448 494 1613 549; x_wconf 84' lang='grc' dir='ltr'>αὐτοῦ</span> 
     </span>
    </p>
   </div>
   <div class='ocr_carea' id='block_1_4' title="bbox 53 577 1665 649">
    <p class='ocr_par' dir='ltr' id='par_1_4' title="bbox 53 577 1665 649">
     <span class='ocr_line' id='line_1_4' title="bbox 53 577 1665 649; baseline -0.002 -14"><span class='ocrx_word' id='word_1_19' title='bbox 53 582 330 649; x_wconf 72' lang='grc' dir='ltr'>ἐπείγεται</span> <span class='ocrx_word' id='word_1_20' title='bbox 373 577 590 640; x_wconf 79' lang='grc' dir='ltr'>ἐντολὰς</span> <span class='ocrx_word' id='word_1_21' title='bbox 624 581 815 630; x_wconf 83' lang='grc' dir='ltr'>ποιεῖν.</span> <span class='ocrx_word' id='word_1_22' title='bbox 851 579 1017 631; x_wconf 81' lang='grc' dir='ltr'>Ὅταν</span> <span class='ocrx_word' id='word_1_23' title='bbox 1051 580 1158 649; x_wconf 81' lang='grc' dir='ltr'>γάρ</span> <span class='ocrx_word' id='word_1_24' title='bbox 1189 596 1272 641; x_wconf 88' lang='grc' dir='ltr'>τις</span> <span class='ocrx_word' id='word_1_25' title='bbox 1316 579 1446 649; x_wconf 90' lang='grc' dir='ltr'>περί</span> <span class='ocrx_word' id='word_1_26' title='bbox 1495 593 1616 631; x_wconf 89' lang='grc' dir='ltr'>τινα</span> <span class='ocrx_word' id='word_1_27' title='bbox 1662 616 1665 617; x_wconf 49' lang='grc' dir='ltr'><em>ν</em></span> 
     </span>
    </p>
   </div>
   <div class='ocr_carea' id='block_1_5' title="bbox 54 659 1615 732">
    <p class='ocr_par' dir='ltr' id='par_1_5' title="bbox 54 659 1615 732">
     <span class='ocr_line' id='line_1_5' title="bbox 54 659 1615 732; baseline -0.003 -15"><span class='ocrx_word' id='word_1_28' title='bbox 54 664 289 732; x_wconf 64' lang='grc' dir='ltr'>γνησίως</span> <span class='ocrx_word' id='word_1_29' title='bbox 310 661 596 721; x_wconf 84' lang='grc' dir='ltr'>διάκειται,</span> <span class='ocrx_word' id='word_1_30' title='bbox 629 660 807 713; x_wconf 86' lang='grc' dir='ltr'>πάντα</span> <span class='ocrx_word' id='word_1_31' title='bbox 846 662 1105 729; x_wconf 88' lang='grc' dir='ltr'>πράττειν</span> <span class='ocrx_word' id='word_1_32' title='bbox 1135 659 1444 725; x_wconf 74' lang='grc' dir='ltr'>σπουδάζει,</span> <span class='ocrx_word' id='word_1_33' title='bbox 1470 660 1504 714; x_wconf 78' lang='grc' dir='ltr'>ἀ</span> <span class='ocrx_word' id='word_1_34' title='bbox 1522 660 1615 713; x_wconf 78' lang='grc' dir='ltr'>τὸν</span> 
     </span>
    </p>
   </div>
   <div class='ocr_carea' id='block_1_6' title="bbox 54 741 1616 813">
    <p class='ocr_par' dir='ltr' id='par_1_6' title="bbox 54 741 1616 813">
     <span class='ocr_line' id='line_1_6' title="bbox 54 741 1616 813; baseline -0.004 -13"><span class='ocrx_word' id='word_1_35' title='bbox 54 743 412 813; x_wconf 79' lang='grc' dir='ltr'>ἀγαπώμενον</span> <span class='ocrx_word' id='word_1_36' title='bbox 462 741 782 810; x_wconf 88' lang='grc' dir='ltr'>ἐφέλκεσθαι</span> <span class='ocrx_word' id='word_1_37' title='bbox 811 742 1027 795; x_wconf 85' lang='grc' dir='ltr'>δύναται</span> <span class='ocrx_word' id='word_1_38' title='bbox 1066 745 1144 805; x_wconf 88' lang='grc' dir='ltr'>εἰς</span> <span class='ocrx_word' id='word_1_39' title='bbox 1172 742 1261 795; x_wconf 79' lang='grc' dir='ltr'>τὸν</span> <span class='ocrx_word' id='word_1_40' title='bbox 1295 745 1423 812; x_wconf 79' lang='grc' dir='ltr'>περὶ</span> <span class='ocrx_word' id='word_1_41' title='bbox 1450 742 1616 795; x_wconf 78' lang='grc' dir='ltr'>αὐτὸν</span> 
     </span>
    </p>
   </div>
   <div class='ocr_carea' id='block_1_7' title="bbox 54 823 1617 895">
    <p class='ocr_par' dir='ltr' id='par_1_7' title="bbox 54 823 1617 895">
     <span class='ocr_line' id='line_1_7' title="bbox 54 823 1617 895; baseline -0.003 -14"><span class='ocrx_word' id='word_1_42' title='bbox 54 828 239 881; x_wconf 87' lang='grc' dir='ltr'>πόθον.</span> <span class='ocrx_word' id='word_1_43' title='bbox 276 825 387 879; x_wconf 76' lang='grc' dir='ltr'>Καὶ</span> <span class='ocrx_word' id='word_1_44' title='bbox 418 825 578 895; x_wconf 81' lang='grc' dir='ltr'>ἡμεῖς</span> <span class='ocrx_word' id='word_1_45' title='bbox 608 823 807 884; x_wconf 82' lang='grc' dir='ltr'>τοίνυν,</span> <span class='ocrx_word' id='word_1_46' title='bbox 840 824 934 876; x_wconf 79' lang='grc' dir='ltr'>ἐὰν</span> <span class='ocrx_word' id='word_1_47' title='bbox 977 825 1347 894; x_wconf 86' lang='grc' dir='ltr'>ἀγαπήσωμεν</span> <span class='ocrx_word' id='word_1_48' title='bbox 1377 823 1617 893; x_wconf 80' lang='grc' dir='ltr'>γνησίως</span> 
     </span>
    </p>
   </div>
   <div class='ocr_carea' id='block_1_8' title="bbox 52 904 1615 977">
    <p class='ocr_par' dir='ltr' id='par_1_8' title="bbox 52 904 1615 977">
     <span class='ocr_line' id='line_1_8' title="bbox 52 904 1615 977; baseline -0.004 -14"><span class='ocrx_word' id='word_1_49' title='bbox 52 909 144 964; x_wconf 85' lang='grc' dir='ltr'>τὸν</span> <span class='ocrx_word' id='word_1_50' title='bbox 178 907 477 975; x_wconf 86' lang='grc' dir='ltr'>Δεσπότην,</span> <span class='ocrx_word' id='word_1_51' title='bbox 508 908 601 958; x_wconf 73' lang='grc' dir='ltr'>καὶ</span> <span class='ocrx_word' id='word_1_52' title='bbox 623 904 722 968; x_wconf 83' lang='grc' dir='ltr'>τὰς</span> <span class='ocrx_word' id='word_1_53' title='bbox 752 905 969 970; x_wconf 80' lang='grc' dir='ltr'>ἐντολὰς</span> <span class='ocrx_word' id='word_1_54' title='bbox 1002 906 1166 959; x_wconf 90' lang='grc' dir='ltr'>αὐτοῦ</span> <span class='ocrx_word' id='word_1_55' title='bbox 1206 905 1490 977; x_wconf 87' lang='grc' dir='ltr'>πληρῶσαι</span> <span class='ocrx_word' id='word_1_56' title='bbox 1523 904 1615 957; x_wconf 80' lang='grc' dir='ltr'>δυο</span> 
     </span>
    </p>
   </div>
   <div class='ocr_carea' id='block_1_9' title="bbox 53 984 1616 1061">
    <p class='ocr_par' dir='ltr' id='par_1_9' title="bbox 53 984 1616 1061">
     <span class='ocr_line' id='line_1_9' title="bbox 53 984 1616 1061; baseline -0.003 -17"><span class='ocrx_word' id='word_1_57' title='bbox 53 989 350 1061; x_wconf 87' lang='grc' dir='ltr'>νησόμεθα,</span> <span class='ocrx_word' id='word_1_58' title='bbox 384 989 477 1041; x_wconf 79' lang='grc' dir='ltr'>καὶ</span> <span class='ocrx_word' id='word_1_59' title='bbox 508 988 672 1058; x_wconf 84' lang='grc' dir='ltr'>μηδὲν</span> <span class='ocrx_word' id='word_1_60' title='bbox 702 987 959 1057; x_wconf 80' lang='grc' dir='ltr'>πράττειν</span> <span class='ocrx_word' id='word_1_61' title='bbox 989 988 1208 1043; x_wconf 76' lang='grc' dir='ltr'>ἐκείνων</span> <span class='ocrx_word' id='word_1_62' title='bbox 1238 987 1345 1041; x_wconf 89' lang='grc' dir='ltr'>τῶν</span> <span class='ocrx_word' id='word_1_63' title='bbox 1376 984 1616 1056; x_wconf 79' lang='grc' dir='ltr'>παροξῦ-</span> 
     </span>
    </p>
   </div>
   <div class='ocr_carea' id='block_1_10' title="bbox 53 1068 1618 1141">
    <p class='ocr_par' dir='ltr' id='par_1_10' title="bbox 53 1068 1618 1141">
     <span class='ocr_line' id='line_1_10' title="bbox 53 1068 1618 1141; baseline -0.004 -14"><span class='ocrx_word' id='word_1_64' title='bbox 53 1093 140 1127; x_wconf 87' lang='grc' dir='ltr'>ναι</span> <span class='ocrx_word' id='word_1_65' title='bbox 191 1070 501 1141; x_wconf 80' lang='grc' dir='ltr'>δυναμένων</span> <span class='ocrx_word' id='word_1_66' title='bbox 532 1070 623 1122; x_wconf 75' lang='grc' dir='ltr'>τὸν</span> <span class='ocrx_word' id='word_1_67' title='bbox 654 1068 1033 1139; x_wconf 87' lang='grc' dir='ltr'>ἀγαπώμενον.</span> <span class='ocrx_word' id='word_1_68' title='bbox 1092 1069 1261 1123; x_wconf 91' lang='grc' dir='ltr'>Τοῦτο</span> <span class='ocrx_word' id='word_1_69' title='bbox 1292 1072 1326 1139; x_wconf 81' lang='grc' dir='ltr'>ἡ</span> <span class='ocrx_word' id='word_1_70' title='bbox 1372 1068 1618 1139; x_wconf 80' lang='grc' dir='ltr'>βασιλεία</span> 
     </span>
    </p>
   </div>
   <div class='ocr_carea' id='block_1_11' title="bbox 51 1151 1619 1226">
    <p class='ocr_par' dir='ltr' id='par_1_11' title="bbox 51 1151 1619 1226">
     <span class='ocr_line' id='line_1_11' title="bbox 51 1151 1619 1226; baseline -0.005 -14"><span class='ocrx_word' id='word_1_71' title='bbox 51 1160 160 1212; x_wconf 88' lang='grc' dir='ltr'>τῶν</span> <span class='ocrx_word' id='word_1_72' title='bbox 190 1153 456 1226; x_wconf 85' lang='grc' dir='ltr'>οὐρανῶν,</span> <span class='ocrx_word' id='word_1_73' title='bbox 485 1152 641 1205; x_wconf 89' lang='grc' dir='ltr'>τοῦτο</span> <span class='ocrx_word' id='word_1_74' title='bbox 674 1154 707 1224; x_wconf 88' lang='grc' dir='ltr'>ή</span> <span class='ocrx_word' id='word_1_75' title='bbox 745 1153 1041 1216; x_wconf 86' lang='grc' dir='ltr'>ἀπόλαυσις</span> <span class='ocrx_word' id='word_1_76' title='bbox 1060 1154 1166 1207; x_wconf 90' lang='grc' dir='ltr'>τῶν</span> <span class='ocrx_word' id='word_1_77' title='bbox 1195 1152 1438 1221; x_wconf 82' lang='grc' dir='ltr'>ἀγαθῶν,</span> <span class='ocrx_word' id='word_1_78' title='bbox 1460 1151 1619 1204; x_wconf 89' lang='grc' dir='ltr'>τοῦτο</span> 
     </span>
    </p>
   </div>
   <div class='ocr_carea' id='block_1_12' title="bbox 51 1233 1618 1309">
    <p class='ocr_par' dir='ltr' id='par_1_12' title="bbox 51 1233 1618 1309">
     <span class='ocr_line' id='line_1_12' title="bbox 51 1233 1618 1309; baseline -0.004 -17"><span class='ocrx_word' id='word_1_79' title='bbox 51 1241 119 1293; x_wconf 82' lang='grc' dir='ltr'>τά</span> <span class='ocrx_word' id='word_1_80' title='bbox 152 1238 320 1309; x_wconf 87' lang='grc' dir='ltr'>μυρία</span> <span class='ocrx_word' id='word_1_81' title='bbox 343 1235 546 1304; x_wconf 80' lang='grc' dir='ltr'>ἀγαθὰ,</span> <span class='ocrx_word' id='word_1_82' title='bbox 574 1235 635 1287; x_wconf 82' lang='grc' dir='ltr'>τὸ</span> <span class='ocrx_word' id='word_1_83' title='bbox 670 1235 1070 1305; x_wconf 78' lang='grc' dir='ltr'>καταξιωθῆναι</span> <span class='ocrx_word' id='word_1_84' title='bbox 1107 1236 1343 1305; x_wconf 77' lang='grc' dir='ltr'>γνησίως</span> <span class='ocrx_word' id='word_1_85' title='bbox 1372 1235 1465 1288; x_wconf 83' lang='grc' dir='ltr'>καὶ</span> <span class='ocrx_word' id='word_1_86' title='bbox 1496 1233 1618 1288; x_wconf 81' lang='grc' dir='ltr'>καθ’</span> 
     </span>
    </p>
   </div>
   <div class='ocr_carea' id='block_1_13' title="bbox 51 1318 1622 1391">
    <p class='ocr_par' dir='ltr' id='par_1_13' title="bbox 51 1318 1622 1391">
     <span class='ocr_line' id='line_1_13' title="bbox 51 1318 1622 1391; baseline -0.006 -15"><span class='ocrx_word' id='word_1_87' title='bbox 51 1324 110 1376; x_wconf 86' lang='grc' dir='ltr'>δν</span> <span class='ocrx_word' id='word_1_88' title='bbox 131 1321 237 1391; x_wconf 83' lang='grc' dir='ltr'>χρὴ</span> <span class='ocrx_word' id='word_1_89' title='bbox 265 1320 329 1391; x_wconf 83' lang='grc' dir='ltr'>δὴ</span> <span class='ocrx_word' id='word_1_90' title='bbox 356 1320 554 1391; x_wconf 80' lang='grc' dir='ltr'>τρόπον</span> <span class='ocrx_word' id='word_1_91' title='bbox 577 1320 797 1387; x_wconf 80' lang='grc' dir='ltr'>ἀγαπᾷν</span> <span class='ocrx_word' id='word_1_92' title='bbox 816 1336 831 1350; x_wconf 69' lang='grc'><strong>⁸</strong></span> <span class='ocrx_word' id='word_1_93' title='bbox 857 1319 1213 1388; x_wconf 80' lang='grc' dir='ltr'>ἀγαπήσομεν</span> <span class='ocrx_word' id='word_1_94' title='bbox 1233 1318 1289 1370; x_wconf 87' lang='grc' dir='ltr'>δέ</span> <span class='ocrx_word' id='word_1_95' title='bbox 1313 1318 1475 1370; x_wconf 81' lang='grc' dir='ltr'>αὐτὸν</span> <span class='ocrx_word' id='word_1_96' title='bbox 1497 1333 1622 1386; x_wconf 87' lang='grc' dir='ltr'>γνη-</span> 
     </span>
    </p>
   </div>
   <div class='ocr_carea' id='block_1_14' title="bbox 54 1400 1619 1472">
    <p class='ocr_par' dir='ltr' id='par_1_14' title="bbox 54 1400 1619 1472">
     <span class='ocr_line' id='line_1_14' title="bbox 54 1400 1619 1472; baseline -0.004 -13"><span class='ocrx_word' id='word_1_97' title='bbox 54 1408 206 1469; x_wconf 88' lang='grc' dir='ltr'>σίως,</span> <span class='ocrx_word' id='word_1_98' title='bbox 236 1404 332 1457; x_wconf 82' lang='grc' dir='ltr'>ἐὰν</span> <span class='ocrx_word' id='word_1_99' title='bbox 363 1401 452 1457; x_wconf 78' lang='grc' dir='ltr'>διὰ</span> <span class='ocrx_word' id='word_1_100' title='bbox 476 1401 573 1472; x_wconf 83' lang='grc' dir='ltr'>τὴν</span> <span class='ocrx_word' id='word_1_101' title='bbox 602 1404 731 1472; x_wconf 79' lang='grc' dir='ltr'>περὶ</span> <span class='ocrx_word' id='word_1_102' title='bbox 763 1402 923 1455; x_wconf 84' lang='grc' dir='ltr'>αὐτὸν</span> <span class='ocrx_word' id='word_1_103' title='bbox 955 1402 1196 1470; x_wconf 79' lang='grc' dir='ltr'>ἀγάπην,</span> <span class='ocrx_word' id='word_1_104' title='bbox 1230 1401 1322 1453; x_wconf 74' lang='grc' dir='ltr'>καὶ</span> <span class='ocrx_word' id='word_1_105' title='bbox 1348 1400 1475 1463; x_wconf 78' lang='grc' dir='ltr'>περὶ</span> <span class='ocrx_word' id='word_1_106' title='bbox 1501 1401 1619 1462; x_wconf 81' lang='grc' dir='ltr'>τοὺς</span> 
     </span>
    </p>
   </div>
   <div class='ocr_carea' id='block_1_15' title="bbox 52 1482 1621 1557">
    <p class='ocr_par' dir='ltr' id='par_1_15' title="bbox 52 1482 1621 1557">
     <span class='ocr_line' id='line_1_15' title="bbox 52 1482 1621 1557; baseline -0.007 -13"><span class='ocrx_word' id='word_1_107' title='bbox 52 1487 377 1557; x_wconf 74' lang='grc' dir='ltr'>ὁμοδούλους</span> <span class='ocrx_word' id='word_1_108' title='bbox 432 1484 629 1555; x_wconf 83' lang='grc' dir='ltr'>πολλὴν</span> <span class='ocrx_word' id='word_1_109' title='bbox 678 1483 1071 1553; x_wconf 62' lang='grc' dir='ltr'>ἐπιδειξιίψεθα</span> <span class='ocrx_word' id='word_1_110' title='bbox 1104 1485 1199 1554; x_wconf 81' lang='grc' dir='ltr'>τὴν</span> <span class='ocrx_word' id='word_1_111' title='bbox 1238 1483 1477 1552; x_wconf 87' lang='grc' dir='ltr'>ἀγάπην.</span> <span class='ocrx_word' id='word_1_112' title='bbox 1525 1482 1621 1534; x_wconf 86' lang='grc' dir='ltr'>Ἐν</span> 
     </span>
    </p>
   </div>
   <div class='ocr_carea' id='block_1_16' title="bbox 51 1565 1622 1636">
    <p class='ocr_par' dir='ltr' id='par_1_16' title="bbox 51 1565 1622 1636">
     <span class='ocr_line' id='line_1_16' title="bbox 51 1565 1622 1636; baseline -0.003 -13"><span class='ocrx_word' id='word_1_113' title='bbox 51 1571 293 1632; x_wconf 80' lang='grc' dir='ltr'>ταύταις</span> <span class='ocrx_word' id='word_1_114' title='bbox 324 1567 465 1636; x_wconf 77' lang='grc' dir='ltr'>γὰρ,</span> <span class='ocrx_word' id='word_1_115' title='bbox 506 1567 667 1636; x_wconf 81' lang='grc' dir='ltr'>φησί,</span> <span class='ocrx_word' id='word_1_116' title='bbox 710 1566 841 1632; x_wconf 83' lang='grc' dir='ltr'>ταῖς</span> <span class='ocrx_word' id='word_1_117' title='bbox 880 1566 1062 1619; x_wconf 76' lang='grc' dir='ltr'>δυσίν</span> <span class='ocrx_word' id='word_1_118' title='bbox 1100 1566 1373 1631; x_wconf 76' lang='grc' dir='ltr'>ἐντολαῖς</span> <span class='ocrx_word' id='word_1_119' title='bbox 1404 1565 1551 1629; x_wconf 76' lang='grc' dir='ltr'>ὅλος</span> <span class='ocrx_word' id='word_1_120' title='bbox 1588 1566 1622 1618; x_wconf 86' lang='grc' dir='ltr'>ό</span> 
     </span>
    </p>
   </div>
   <div class='ocr_carea' id='block_1_17' title="bbox 52 1647 1621 1720">
    <p class='ocr_par' dir='ltr' id='par_1_17' title="bbox 52 1647 1621 1720">
     <span class='ocr_line' id='line_1_17' title="bbox 52 1647 1621 1720; baseline -0.005 -13"><span class='ocrx_word' id='word_1_121' title='bbox 52 1654 237 1720; x_wconf 79' lang='grc' dir='ltr'>νόμος</span> <span class='ocrx_word' id='word_1_122' title='bbox 256 1650 355 1704; x_wconf 75' lang='grc' dir='ltr'>καὶ</span> <span class='ocrx_word' id='word_1_123' title='bbox 382 1653 435 1703; x_wconf 84' lang='grc' dir='ltr'>οἰ</span> <span class='ocrx_word' id='word_1_124' title='bbox 456 1648 751 1718; x_wconf 70' lang='grc' dir='ltr'>προφῆται</span> <span class='ocrx_word' id='word_1_125' title='bbox 783 1649 1119 1717; x_wconf 78' lang='grc' dir='ltr'>κρέμανται,</span> <span class='ocrx_word' id='word_1_126' title='bbox 1151 1650 1209 1701; x_wconf 91' lang='grc' dir='ltr'>ἐν</span> <span class='ocrx_word' id='word_1_127' title='bbox 1235 1647 1312 1717; x_wconf 82' lang='grc' dir='ltr'>τῷ</span> <span class='ocrx_word' id='word_1_128' title='bbox 1340 1647 1621 1716; x_wconf 85' lang='grc' dir='ltr'>ἀγαπῆσαι</span> 
     </span>
    </p>
   </div>
   <div class='ocr_carea' id='block_1_18' title="bbox 53 1730 1621 1806">
    <p class='ocr_par' dir='ltr' id='par_1_18' title="bbox 53 1730 1621 1806">
     <span class='ocr_line' id='line_1_18' title="bbox 53 1730 1621 1806; baseline -0.006 -17"><span class='ocrx_word' id='word_1_129' title='bbox 53 1736 257 1806; x_wconf 80' lang='grc' dir='ltr'>Κύριον</span> <span class='ocrx_word' id='word_1_130' title='bbox 280 1734 371 1786; x_wconf 83' lang='grc' dir='ltr'>τὸν</span> <span class='ocrx_word' id='word_1_131' title='bbox 401 1733 530 1785; x_wconf 86' lang='grc' dir='ltr'>Θεόν</span> <span class='ocrx_word' id='word_1_132' title='bbox 558 1750 650 1785; x_wconf 93' lang='grc' dir='ltr'>σου</span> <span class='ocrx_word' id='word_1_133' title='bbox 685 1732 743 1796; x_wconf 79' lang='grc' dir='ltr'>ἐξ</span> <span class='ocrx_word' id='word_1_134' title='bbox 766 1733 892 1799; x_wconf 83' lang='grc' dir='ltr'>ὅλης</span> <span class='ocrx_word' id='word_1_135' title='bbox 924 1733 1021 1801; x_wconf 85' lang='grc' dir='ltr'>τῆς</span> <span class='ocrx_word' id='word_1_136' title='bbox 1044 1730 1264 1801; x_wconf 84' lang='grc' dir='ltr'>καρδίας</span> <span class='ocrx_word' id='word_1_137' title='bbox 1290 1748 1381 1783; x_wconf 93' lang='grc' dir='ltr'>σου</span> <span class='ocrx_word' id='word_1_138' title='bbox 1402 1769 1417 1794; x_wconf 94' lang='grc'>,</span> <span class='ocrx_word' id='word_1_139' title='bbox 1447 1731 1540 1782; x_wconf 75' lang='grc' dir='ltr'>καὶ</span> <span class='ocrx_word' id='word_1_140' title='bbox 1564 1730 1621 1795; x_wconf 80' lang='grc' dir='ltr'>ἐξ</span> 
     </span>
    </p>
   </div>
   <div class='ocr_carea' id='block_1_19' title="bbox 52 1813 1618 1888">
    <p class='ocr_par' dir='ltr' id='par_1_19' title="bbox 52 1813 1618 1888">
     <span class='ocr_line' id='line_1_19' title="bbox 52 1813 1618 1888; baseline -0.006 -17"><span class='ocrx_word' id='word_1_141' title='bbox 52 1818 181 1888; x_wconf 87' lang='grc' dir='ltr'>δλης</span> <span class='ocrx_word' id='word_1_142' title='bbox 206 1817 307 1887; x_wconf 82' lang='grc' dir='ltr'>τῆς</span> <span class='ocrx_word' id='word_1_143' title='bbox 338 1815 517 1884; x_wconf 79' lang='grc' dir='ltr'>ἰσχύος</span> <span class='ocrx_word' id='word_1_144' title='bbox 556 1831 680 1876; x_wconf 88' lang='grc' dir='ltr'>σου,</span> <span class='ocrx_word' id='word_1_145' title='bbox 717 1815 809 1866; x_wconf 60' lang='grc' dir='ltr'>καλ⁸</span> <span class='ocrx_word' id='word_1_146' title='bbox 835 1814 895 1878; x_wconf 79' lang='grc' dir='ltr'>ἐξ</span> <span class='ocrx_word' id='word_1_147' title='bbox 923 1814 1051 1883; x_wconf 84' lang='grc' dir='ltr'>ὅλης</span> <span class='ocrx_word' id='word_1_148' title='bbox 1097 1817 1195 1883; x_wconf 85' lang='grc' dir='ltr'>τῆς</span> <span class='ocrx_word' id='word_1_149' title='bbox 1224 1813 1461 1875; x_wconf 81' lang='grc' dir='ltr'>διανοίας</span> <span class='ocrx_word' id='word_1_150' title='bbox 1503 1827 1618 1877; x_wconf 87' lang='grc' dir='ltr'>σου,</span> 
     </span>
    </p>
   </div>
   <div class='ocr_carea' id='block_1_20' title="bbox 56 1896 1623 1969">
    <p class='ocr_par' dir='ltr' id='par_1_20' title="bbox 56 1896 1623 1969">
     <span class='ocr_line' id='line_1_20' title="bbox 56 1896 1623 1969; baseline -0.006 -13"><span class='ocrx_word' id='word_1_151' title='bbox 56 1903 263 1955; x_wconf 75' lang='grc' dir='ltr'>καὶτὸν</span> <span class='ocrx_word' id='word_1_152' title='bbox 298 1898 523 1969; x_wconf 87' lang='grc' dir='ltr'>πλησίον</span> <span class='ocrx_word' id='word_1_153' title='bbox 552 1914 644 1949; x_wconf 89' lang='grc' dir='ltr'>σου</span> <span class='ocrx_word' id='word_1_154' title='bbox 673 1896 747 1961; x_wconf 83' lang='grc' dir='ltr'>ὡς</span> <span class='ocrx_word' id='word_1_155' title='bbox 782 1897 1023 1951; x_wconf 87' lang='grc' dir='ltr'>σεαυτόν.</span> <span class='ocrx_word' id='word_1_156' title='bbox 1071 1896 1241 1949; x_wconf 87' lang='grc' dir='ltr'>Τοῦτο</span> <span class='ocrx_word' id='word_1_157' title='bbox 1272 1897 1382 1949; x_wconf 90' lang='grc' dir='ltr'>τῶν</span> <span class='ocrx_word' id='word_1_158' title='bbox 1414 1896 1623 1966; x_wconf 86' lang='grc' dir='ltr'>ἀρετῶν</span> 
     </span>
    </p>
   </div>
   <div class='ocr_carea' id='block_1_21' title="bbox 50 1978 1624 2053">
    <p class='ocr_par' dir='ltr' id='par_1_21' title="bbox 50 1978 1624 2053">
     <span class='ocr_line' id='line_1_21' title="bbox 50 1978 1624 2053; baseline -0.006 -13"><span class='ocrx_word' id='word_1_159' title='bbox 50 1987 113 2040; x_wconf 86' lang='lat'>10</span> <span class='ocrx_word' id='word_1_160' title='bbox 134 1984 447 2053; x_wconf 82' lang='grc' dir='ltr'>κεφάλαιον,</span> <span class='ocrx_word' id='word_1_161' title='bbox 470 1981 628 2035; x_wconf 87' lang='grc' dir='ltr'>τοῦτο</span> <span class='ocrx_word' id='word_1_162' title='bbox 667 1980 855 2032; x_wconf 87' lang='grc' dir='ltr'>πασῶν</span> <span class='ocrx_word' id='word_1_163' title='bbox 891 1979 998 2032; x_wconf 85' lang='grc' dir='ltr'>τῶν</span> <span class='ocrx_word' id='word_1_164' title='bbox 1024 1979 1117 2033; x_wconf 87' lang='grc' dir='ltr'>τοῦ</span> <span class='ocrx_word' id='word_1_165' title='bbox 1165 1978 1299 2032; x_wconf 93' lang='grc' dir='ltr'>Θεοῦ</span> <span class='ocrx_word' id='word_1_166' title='bbox 1346 1978 1574 2031; x_wconf 75' lang='grc' dir='ltr'>ἐντολῶν</span> <span class='ocrx_word' id='word_1_167' title='bbox 1595 1980 1624 2031; x_wconf 90' lang='lat'>0</span> 
     </span>
    </p>
   </div>
   <div class='ocr_carea' id='block_1_22' title="bbox 55 2062 1626 2137">
    <p class='ocr_par' dir='ltr' id='par_1_22' title="bbox 55 2062 1626 2137">
     <span class='ocr_line' id='line_1_22' title="bbox 55 2062 1626 2137; baseline -0.004 -18"><span class='ocrx_word' id='word_1_168' title='bbox 55 2067 325 2137; x_wconf 75' lang='grc' dir='ltr'>θεμέλιος.</span> <span class='ocrx_word' id='word_1_169' title='bbox 357 2066 436 2135; x_wconf 78' lang='grc' dir='ltr'>Τῇ</span> <span class='ocrx_word' id='word_1_170' title='bbox 460 2064 568 2133; x_wconf 81' lang='grc' dir='ltr'>γὰρ</span> <span class='ocrx_word' id='word_1_171' title='bbox 605 2063 793 2134; x_wconf 83' lang='grc' dir='ltr'>ἀγάπῃ</span> <span class='ocrx_word' id='word_1_172' title='bbox 828 2065 893 2132; x_wconf 82' lang='grc' dir='ltr'>τῇ</span> <span class='ocrx_word' id='word_1_173' title='bbox 923 2063 1049 2132; x_wconf 79' lang='grc' dir='ltr'>περὶ</span> <span class='ocrx_word' id='word_1_174' title='bbox 1079 2063 1170 2115; x_wconf 79' lang='grc' dir='ltr'>τὸν</span> <span class='ocrx_word' id='word_1_175' title='bbox 1189 2062 1319 2115; x_wconf 84' lang='grc' dir='ltr'>Θεὸν</span> <span class='ocrx_word' id='word_1_176' title='bbox 1350 2062 1626 2131; x_wconf 87' lang='grc' dir='ltr'>συνεισέρ-</span> 
     </span>
    </p>
   </div>
   <div class='ocr_carea' id='block_1_23' title="bbox 54 2142 1626 2221">
    <p class='ocr_par' dir='ltr' id='par_1_23' title="bbox 54 2142 1626 2221">
     <span class='ocr_line' id='line_1_23' title="bbox 54 2142 1626 2221; baseline -0.005 -19"><span class='ocrx_word' id='word_1_177' title='bbox 54 2167 209 2221; x_wconf 81' lang='grc' dir='ltr'>χεται</span> <span class='ocrx_word' id='word_1_178' title='bbox 233 2149 326 2201; x_wconf 74' lang='grc' dir='ltr'>καὶ</span> <span class='ocrx_word' id='word_1_179' title='bbox 354 2149 387 2217; x_wconf 89' lang='grc' dir='ltr'>ή</span> <span class='ocrx_word' id='word_1_180' title='bbox 414 2147 541 2215; x_wconf 75' lang='grc' dir='ltr'>περὶ</span> <span class='ocrx_word' id='word_1_181' title='bbox 564 2146 655 2199; x_wconf 87' lang='grc' dir='ltr'>τὸν</span> <span class='ocrx_word' id='word_1_182' title='bbox 681 2145 905 2215; x_wconf 86' lang='grc' dir='ltr'>πλησίον</span> <span class='ocrx_word' id='word_1_183' title='bbox 932 2144 1144 2214; x_wconf 87' lang='grc' dir='ltr'>ἀγάπη.</span> <span class='ocrx_word' id='word_1_184' title='bbox 1176 2144 1235 2197; x_wconf 81' lang='grc' dir='ltr'>Ὀ</span> <span class='ocrx_word' id='word_1_185' title='bbox 1267 2144 1375 2214; x_wconf 89' lang='grc' dir='ltr'>γάρ</span> <span class='ocrx_word' id='word_1_186' title='bbox 1396 2142 1626 2211; x_wconf 88' lang='grc' dir='ltr'>ἀγαπῶν</span> 
     </span>
    </p>
   </div>
   <div class='ocr_carea' id='block_1_24' title="bbox 52 2227 1627 2299">
    <p class='ocr_par' dir='ltr' id='par_1_24' title="bbox 52 2227 1627 2299">
     <span class='ocr_line' id='line_1_24' title="bbox 52 2227 1627 2299; baseline -0.006 -12"><span class='ocrx_word' id='word_1_187' title='bbox 52 2234 145 2287; x_wconf 71' lang='grc' dir='ltr'>τὸν</span> <span class='ocrx_word' id='word_1_188' title='bbox 177 2232 313 2286; x_wconf 79' lang='grc' dir='ltr'>Θεὸν</span> <span class='ocrx_word' id='word_1_189' title='bbox 350 2231 412 2282; x_wconf 86' lang='grc' dir='ltr'>οὐ</span> <span class='ocrx_word' id='word_1_190' title='bbox 443 2228 758 2299; x_wconf 88' lang='grc' dir='ltr'>περιόψεται</span> <span class='ocrx_word' id='word_1_191' title='bbox 814 2228 905 2281; x_wconf 83' lang='grc' dir='ltr'>τὸν</span> <span class='ocrx_word' id='word_1_192' title='bbox 954 2227 1203 2297; x_wconf 83' lang='grc' dir='ltr'>ἀδελφὸν,</span> <span class='ocrx_word' id='word_1_193' title='bbox 1238 2228 1358 2280; x_wconf 84' lang='grc' dir='ltr'>οὐδὲ</span> <span class='ocrx_word' id='word_1_194' title='bbox 1387 2227 1456 2280; x_wconf 83' lang='grc' dir='ltr'>τὰ</span> <span class='ocrx_word' id='word_1_195' title='bbox 1492 2229 1627 2297; x_wconf 89' lang='grc' dir='ltr'>χρή-</span> 
     </span>
    </p>
   </div>
   <div class='ocr_carea' id='block_1_25' title="bbox 55 2309 1626 2387">
    <p class='ocr_par' dir='ltr' id='par_1_25' title="bbox 55 2309 1626 2387">
     <span class='ocr_line' id='line_1_25' title="bbox 55 2309 1626 2387; baseline -0.004 -19"><span class='ocrx_word' id='word_1_196' title='bbox 55 2332 208 2387; x_wconf 87' lang='grc' dir='ltr'>ματα</span> <span class='ocrx_word' id='word_1_197' title='bbox 251 2314 345 2367; x_wconf 89' lang='grc' dir='ltr'>τοῦ</span> <span class='ocrx_word' id='word_1_198' title='bbox 399 2312 597 2366; x_wconf 89' lang='grc' dir='ltr'>οἰκείου</span> <span class='ocrx_word' id='word_1_199' title='bbox 632 2311 824 2382; x_wconf 80' lang='grc' dir='ltr'>μέλους</span> <span class='ocrx_word' id='word_1_200' title='bbox 878 2313 1222 2382; x_wconf 78' lang='grc' dir='ltr'>προτιμήσει,</span> <span class='ocrx_word' id='word_1_201' title='bbox 1266 2310 1402 2363; x_wconf 87' lang='grc' dir='ltr'>ἁλλά</span> <span class='ocrx_word' id='word_1_202' title='bbox 1427 2309 1626 2381; x_wconf 82' lang='grc' dir='ltr'>πολλὴν</span> 
     </span>
    </p>
   </div>
   <div class='ocr_carea' id='block_1_26' title="bbox 52 2394 1626 2468">
    <p class='ocr_par' dir='ltr' id='par_1_26' title="bbox 52 2394 1626 2468">
     <span class='ocr_line' id='line_1_26' title="bbox 52 2394 1626 2468; baseline -0.003 -17"><span class='ocrx_word' id='word_1_203' title='bbox 52 2398 185 2468; x_wconf 73' lang='grc' dir='ltr'>ἰτερί⁸</span> <span class='ocrx_word' id='word_1_204' title='bbox 215 2396 378 2450; x_wconf 79' lang='grc' dir='ltr'>αὐτὸν</span> <span class='ocrx_word' id='word_1_205' title='bbox 405 2395 728 2459; x_wconf 79' lang='grc' dir='ltr'>ἐπιδείξεται</span> <span class='ocrx_word' id='word_1_206' title='bbox 778 2394 877 2465; x_wconf 80' lang='grc' dir='ltr'>τὴν</span> <span class='ocrx_word' id='word_1_207' title='bbox 906 2394 1236 2464; x_wconf 80' lang='grc' dir='ltr'>φιλοτιμίαν,</span> <span class='ocrx_word' id='word_1_208' title='bbox 1286 2395 1626 2465; x_wconf 84' lang='grc' dir='ltr'>μεμνημένος</span> 
     </span>
    </p>
   </div>
   <div class='ocr_carea' id='block_1_27' title="bbox 49 2476 1629 2550">
    <p class='ocr_par' dir='ltr' id='par_1_27' title="bbox 49 2476 1629 2550">
     <span class='ocr_line' id='line_1_27' title="bbox 49 2476 1629 2550; baseline -0.003 -17"><span class='ocrx_word' id='word_1_209' title='bbox 49 2480 146 2533; x_wconf 85' lang='grc' dir='ltr'>τοῦ</span> <span class='ocrx_word' id='word_1_210' title='bbox 195 2480 498 2550; x_wconf 88' lang='grc' dir='ltr'>εἰρηκότος,</span> <span class='ocrx_word' id='word_1_211' title='bbox 550 2479 631 2531; x_wconf 86' lang='grc' dir='ltr'>ὅτι</span> <span class='ocrx_word' id='word_1_212' title='bbox 672 2478 734 2531; x_wconf 90' lang='lat'>&#39;0</span> <span class='ocrx_word' id='word_1_213' title='bbox 792 2477 1052 2544; x_wconf 83' lang='grc' dir='ltr'>ποιήσας</span> <span class='ocrx_word' id='word_1_214' title='bbox 1087 2478 1174 2531; x_wconf 79' lang='grc' dir='ltr'>ἐνί</span> <span class='ocrx_word' id='word_1_215' title='bbox 1238 2480 1458 2532; x_wconf 88' lang='grc' dir='ltr'>τούτων</span> <span class='ocrx_word' id='word_1_216' title='bbox 1510 2476 1629 2531; x_wconf 85' lang='grc' dir='ltr'>τῶν</span> 
     </span>
    </p>
   </div>
   <div class='ocr_carea' id='block_1_28' title="bbox 50 2558 1628 2631">
    <p class='ocr_par' dir='ltr' id='par_1_28' title="bbox 50 2558 1628 2631">
     <span class='ocr_line' id='line_1_28' title="bbox 50 2558 1628 2631; baseline -0.006 -13"><span class='ocrx_word' id='word_1_217' title='bbox 50 2561 336 2631; x_wconf 67' lang='grc' dir='ltr'>ἀδελφῶν</span> <span class='ocrx_word' id='word_1_218' title='bbox 351 2579 470 2629; x_wconf 84' lang='grc' dir='ltr'>μου</span> <span class='ocrx_word' id='word_1_219' title='bbox 494 2560 613 2614; x_wconf 87' lang='grc' dir='ltr'>τῶν</span> <span class='ocrx_word' id='word_1_220' title='bbox 642 2560 995 2629; x_wconf 74' lang='grc' dir='ltr'>ἐλαχίστων,</span> <span class='ocrx_word' id='word_1_221' title='bbox 1052 2560 1181 2629; x_wconf 79' lang='grc' dir='ltr'>ἐμοὶ</span> <span class='ocrx_word' id='word_1_222' title='bbox 1223 2560 1490 2627; x_wconf 82' lang='grc' dir='ltr'>ἐποίησε.</span> <span class='ocrx_word' id='word_1_223' title='bbox 1522 2558 1628 2610; x_wconf 76' lang='grc' dir='ltr'>Καὶ</span> 
     </span>
    </p>
   </div>
   <div class='ocr_carea' id='block_1_29' title="bbox 52 2641 1628 2715">
    <p class='ocr_par' dir='ltr' id='par_1_29' title="bbox 52 2641 1628 2715">
     <span class='ocr_line' id='line_1_29' title="bbox 52 2641 1628 2715; baseline -0.004 -15"><span class='ocrx_word' id='word_1_224' title='bbox 52 2646 274 2711; x_wconf 83' lang='grc' dir='ltr'>ἐννοῶν,</span> <span class='ocrx_word' id='word_1_225' title='bbox 296 2646 377 2698; x_wconf 80' lang='grc' dir='ltr'>ὅτι</span> <span class='ocrx_word' id='word_1_226' title='bbox 392 2644 478 2698; x_wconf 81' lang='grc' dir='ltr'>διὰ</span> <span class='ocrx_word' id='word_1_227' title='bbox 498 2645 594 2715; x_wconf 75' lang='grc' dir='ltr'>τῆς</span> <span class='ocrx_word' id='word_1_228' title='bbox 610 2646 689 2708; x_wconf 90' lang='grc' dir='ltr'>είς</span> <span class='ocrx_word' id='word_1_229' title='bbox 718 2645 810 2697; x_wconf 82' lang='grc' dir='ltr'>τὸν</span> <span class='ocrx_word' id='word_1_230' title='bbox 840 2642 1130 2713; x_wconf 87' lang='grc' dir='ltr'>ὁμόδουλον</span> <span class='ocrx_word' id='word_1_231' title='bbox 1146 2643 1439 2713; x_wconf 84' lang='grc' dir='ltr'>θεραπείας</span> <span class='ocrx_word' id='word_1_232' title='bbox 1468 2641 1628 2704; x_wconf 83' lang='grc' dir='ltr'>αὐτός</span> 
     </span>
    </p>
   </div>
   <div class='ocr_carea' id='block_1_30' title="bbox 51 2726 1631 2797">
    <p class='ocr_par' dir='ltr' id='par_1_30' title="bbox 51 2726 1631 2797">
     <span class='ocr_line' id='line_1_30' title="bbox 51 2726 1631 2797; baseline -0.007 -12"><span class='ocrx_word' id='word_1_233' title='bbox 51 2735 207 2785; x_wconf 79' lang='grc' dir='ltr'>ἐστιν</span> <span class='ocrx_word' id='word_1_234' title='bbox 239 2732 268 2784; x_wconf 94' lang='lat'>0</span> <span class='ocrx_word' id='word_1_235' title='bbox 288 2729 358 2782; x_wconf 85' lang='grc' dir='ltr'>τὰ</span> <span class='ocrx_word' id='word_1_236' title='bbox 390 2727 644 2797; x_wconf 87' lang='grc' dir='ltr'>γινόμενα</span> <span class='ocrx_word' id='word_1_237' title='bbox 671 2728 1038 2796; x_wconf 80' lang='grc' dir='ltr'>οἰκειούμενος</span> <span class='ocrx_word' id='word_1_238' title='bbox 1077 2728 1105 2779; x_wconf 94' lang='lat'>0</span> <span class='ocrx_word' id='word_1_239' title='bbox 1134 2727 1240 2779; x_wconf 90' lang='grc' dir='ltr'>τῶν</span> <span class='ocrx_word' id='word_1_240' title='bbox 1265 2726 1517 2779; x_wconf 81' lang='grc' dir='ltr'>ἁπάντων</span> <span class='ocrx_word' id='word_1_241' title='bbox 1541 2728 1631 2775; x_wconf 86' lang='grc' dir='ltr'>Δε-</span> 
     </span>
    </p>
   </div>
   <div class='ocr_carea' id='block_1_31' title="bbox 53 2809 1628 2884">
    <p class='ocr_par' dir='ltr' id='par_1_31' title="bbox 53 2809 1628 2884">
     <span class='ocr_line' id='line_1_31' title="bbox 53 2809 1628 2884; baseline -0.006 -16"><span class='ocrx_word' id='word_1_242' title='bbox 53 2814 284 2884; x_wconf 86' lang='grc' dir='ltr'>σπότης,</span> <span class='ocrx_word' id='word_1_243' title='bbox 314 2811 451 2882; x_wconf 85' lang='grc' dir='ltr'>μετὰ</span> <span class='ocrx_word' id='word_1_244' title='bbox 485 2810 683 2880; x_wconf 86' lang='grc' dir='ltr'>πολλῆς</span> <span class='ocrx_word' id='word_1_245' title='bbox 704 2810 805 2879; x_wconf 81' lang='grc' dir='ltr'>τῆς</span> <span class='ocrx_word' id='word_1_246' title='bbox 837 2811 1140 2881; x_wconf 85' lang='grc' dir='ltr'>προθυμίας</span> <span class='ocrx_word' id='word_1_247' title='bbox 1162 2810 1374 2864; x_wconf 77' lang='grc' dir='ltr'>ἅπαντα</span> <span class='ocrx_word' id='word_1_248' title='bbox 1402 2809 1628 2879; x_wconf 83' lang='grc' dir='ltr'>ἐργάσε-</span> 
     </span>
    </p>
   </div>
   <div class='ocr_carea' id='block_1_32' title="bbox 51 2891 1629 2965">
    <p class='ocr_par' dir='ltr' id='par_1_32' title="bbox 51 2891 1629 2965">
     <span class='ocr_line' id='line_1_32' title="bbox 51 2891 1629 2965; baseline -0.003 -15"><span class='ocrx_word' id='word_1_249' title='bbox 51 2914 165 2959; x_wconf 81' lang='grc' dir='ltr'>ται,</span> <span class='ocrx_word' id='word_1_250' title='bbox 198 2895 293 2950; x_wconf 80' lang='grc' dir='ltr'>καὶ</span> <span class='ocrx_word' id='word_1_251' title='bbox 318 2894 520 2965; x_wconf 83' lang='grc' dir='ltr'>πολλὴν</span> <span class='ocrx_word' id='word_1_252' title='bbox 541 2894 639 2965; x_wconf 82' lang='grc' dir='ltr'>τὴν</span> <span class='ocrx_word' id='word_1_253' title='bbox 670 2893 951 2961; x_wconf 72' lang='grc' dir='ltr'>δαψίλειαν</span> <span class='ocrx_word' id='word_1_254' title='bbox 978 2895 1106 2963; x_wconf 77' lang='grc' dir='ltr'>περὶ</span> <span class='ocrx_word' id='word_1_255' title='bbox 1137 2894 1235 2963; x_wconf 80' lang='grc' dir='ltr'>τὴν</span> <span class='ocrx_word' id='word_1_256' title='bbox 1264 2891 1629 2962; x_wconf 85' lang='grc' dir='ltr'>ἐλεημοσύνην</span> 
     </span>
    </p>
   </div>
   <div class='ocr_carea' id='block_1_33' title="bbox 52 2974 1631 3046">
    <p class='ocr_par' dir='ltr' id='par_1_33' title="bbox 52 2974 1631 3046">
     <span class='ocr_line' id='line_1_33' title="bbox 52 2974 1631 3046; baseline -0.003 -14"><span class='ocrx_word' id='word_1_257' title='bbox 52 2978 385 3043; x_wconf 77' lang='grc' dir='ltr'>ἐπιδείξεται</span> <span class='ocrx_word' id='word_1_258' title='bbox 405 3016 419 3038; x_wconf 93' lang='grc'>,</span> <span class='ocrx_word' id='word_1_259' title='bbox 448 2978 509 3029; x_wconf 92' lang='grc' dir='ltr'>οὐ</span> <span class='ocrx_word' id='word_1_260' title='bbox 561 2976 697 3046; x_wconf 84' lang='grc' dir='ltr'>πρὸς</span> <span class='ocrx_word' id='word_1_261' title='bbox 719 2976 816 3045; x_wconf 82' lang='grc' dir='ltr'>τὴν</span> <span class='ocrx_word' id='word_1_262' title='bbox 845 2976 1116 3029; x_wconf 85' lang='grc' dir='ltr'>εὐτέλειαν</span> <span class='ocrx_word' id='word_1_263' title='bbox 1151 2974 1293 3046; x_wconf 86' lang='grc' dir='ltr'>ὁρῶν</span> <span class='ocrx_word' id='word_1_264' title='bbox 1319 2976 1412 3028; x_wconf 86' lang='grc' dir='ltr'>τοῦ</span> <span class='ocrx_word' id='word_1_265' title='bbox 1446 2992 1631 3044; x_wconf 83' lang='grc' dir='ltr'>φαινο-</span> 
     </span>
    </p>
   </div>
   <div class='ocr_carea' id='block_1_34' title="bbox 58 3058 1630 3132">
    <p class='ocr_par' dir='ltr' id='par_1_34' title="bbox 58 3058 1630 3132">
     <span class='ocr_line' id='line_1_34' title="bbox 58 3058 1630 3132; baseline -0.004 -15"><span class='ocrx_word' id='word_1_266' title='bbox 58 3065 253 3132; x_wconf 84' lang='grc' dir='ltr'>μένου,</span> <span class='ocrx_word' id='word_1_267' title='bbox 285 3059 418 3113; x_wconf 84' lang='grc' dir='ltr'>ἀλλά</span> <span class='ocrx_word' id='word_1_268' title='bbox 443 3060 579 3130; x_wconf 87' lang='grc' dir='ltr'>πρὸς</span> <span class='ocrx_word' id='word_1_269' title='bbox 609 3060 670 3111; x_wconf 84' lang='grc' dir='ltr'>τὸ</span> <span class='ocrx_word' id='word_1_270' title='bbox 699 3058 925 3128; x_wconf 87' lang='grc' dir='ltr'>μέγεθος</span> <span class='ocrx_word' id='word_1_271' title='bbox 977 3059 1071 3111; x_wconf 86' lang='grc' dir='ltr'>τοῦ</span> <span class='ocrx_word' id='word_1_272' title='bbox 1102 3058 1427 3113; x_wconf 76' lang='grc' dir='ltr'>οἰκειοῦσθαι</span> <span class='ocrx_word' id='word_1_273' title='bbox 1455 3062 1630 3127; x_wconf 87' lang='grc' dir='ltr'>ἐπαγ-</span> 
     </span>
    </p>
   </div>
   <div class='ocr_carea' id='block_1_35' title="bbox 51 3141 1633 3216">
    <p class='ocr_par' dir='ltr' id='par_1_35' title="bbox 51 3141 1633 3216">
     <span class='ocr_line' id='line_1_35' title="bbox 51 3141 1633 3216; baseline -0.001 -18"><span class='ocrx_word' id='word_1_274' title='bbox 51 3145 382 3216; x_wconf 83' lang='grc' dir='ltr'>γειλαμένου</span> <span class='ocrx_word' id='word_1_275' title='bbox 411 3144 479 3197; x_wconf 90' lang='grc' dir='ltr'>τά</span> <span class='ocrx_word' id='word_1_276' title='bbox 501 3145 580 3205; x_wconf 87' lang='grc' dir='ltr'>είς</span> <span class='ocrx_word' id='word_1_277' title='bbox 608 3141 733 3203; x_wconf 82' lang='grc' dir='ltr'>τοὺς</span> <span class='ocrx_word' id='word_1_278' title='bbox 757 3142 994 3211; x_wconf 84' lang='grc' dir='ltr'>πένητας</span> <span class='ocrx_word' id='word_1_279' title='bbox 1021 3143 1298 3213; x_wconf 89' lang='grc' dir='ltr'>γινόμενα.</span> <span class='ocrx_word' id='word_1_280' title='bbox 1328 3144 1418 3213; x_wconf 83' lang='grc' dir='ltr'>Μὴ</span> <span class='ocrx_word' id='word_1_281' title='bbox 1450 3142 1513 3212; x_wconf 82' lang='grc' dir='ltr'>δὴ</span> <span class='ocrx_word' id='word_1_282' title='bbox 1536 3160 1633 3196; x_wconf 87' lang='grc' dir='ltr'>πα-</span> 
     </span>
    </p>
   </div>
   <div class='ocr_carea' id='block_1_36' title="bbox 55 3225 1632 3300">
    <p class='ocr_par' dir='ltr' id='par_1_36' title="bbox 55 3225 1632 3300">
     <span class='ocr_line' id='line_1_36' title="bbox 55 3225 1632 3300; baseline -0.003 -17"><span class='ocrx_word' id='word_1_283' title='bbox 55 3229 421 3300; x_wconf 85' lang='grc' dir='ltr'>ρατρέχωμεν</span> <span class='ocrx_word' id='word_1_284' title='bbox 446 3225 654 3288; x_wconf 77' lang='grc' dir='ltr'>ἁπλῶς,</span> <span class='ocrx_word' id='word_1_285' title='bbox 696 3225 1018 3294; x_wconf 86' lang='grc' dir='ltr'>παρακαλῶ,</span> <span class='ocrx_word' id='word_1_286' title='bbox 1046 3226 1107 3278; x_wconf 82' lang='grc' dir='ltr'>τὸ</span> <span class='ocrx_word' id='word_1_287' title='bbox 1137 3226 1326 3295; x_wconf 87' lang='grc' dir='ltr'>κέρδος</span> <span class='ocrx_word' id='word_1_288' title='bbox 1353 3226 1461 3279; x_wconf 86' lang='grc' dir='ltr'>τῶν</span> <span class='ocrx_word' id='word_1_289' title='bbox 1495 3228 1632 3296; x_wconf 85' lang='grc' dir='ltr'>ἠμε-</span> 
     </span>
    </p>
   </div>
   <div class='ocr_carea' id='block_1_37' title="bbox 53 3306 1630 3380">
    <p class='ocr_par' dir='ltr' id='par_1_37' title="bbox 53 3306 1630 3380">
     <span class='ocr_line' id='line_1_37' title="bbox 53 3306 1630 3380; baseline -0.001 -16"><span class='ocrx_word' id='word_1_290' title='bbox 53 3313 111 3364; x_wconf 86' lang='grc' dir='ltr'>τέ</span> <span class='ocrx_word' id='word_1_291' title='bbox 122 3328 239 3380; x_wconf 89' lang='grc' dir='ltr'>ρων</span> <span class='ocrx_word' id='word_1_292' title='bbox 253 3308 461 3377; x_wconf 83' lang='grc' dir='ltr'>ψυχῶν,</span> <span class='ocrx_word' id='word_1_293' title='bbox 477 3308 537 3359; x_wconf 79' lang='grc' dir='ltr'>τὸ</span> <span class='ocrx_word' id='word_1_294' title='bbox 554 3306 842 3377; x_wconf 83' lang='grc' dir='ltr'>φάρμακον</span> <span class='ocrx_word' id='word_1_295' title='bbox 858 3306 964 3359; x_wconf 87' lang='grc' dir='ltr'>τῶν</span> <span class='ocrx_word' id='word_1_296' title='bbox 988 3309 1267 3379; x_wconf 80' lang='grc' dir='ltr'>ἡμετέρων</span> <span class='ocrx_word' id='word_1_297' title='bbox 1281 3309 1630 3379; x_wconf 90' lang='grc' dir='ltr'>τραυμάτων.</span> 
     </span>
    </p>
   </div>
   <div class='ocr_carea' id='block_1_38' title="bbox 54 3388 1635 3461">
    <p class='ocr_par' dir='ltr' id='par_1_38' title="bbox 54 3388 1635 3461">
     <span class='ocr_line' id='line_1_38' title="bbox 54 3388 1635 3461; baseline -0.001 -17"><span class='ocrx_word' id='word_1_298' title='bbox 54 3392 237 3445; x_wconf 89' lang='grc' dir='ltr'>Τοῦτο</span> <span class='ocrx_word' id='word_1_299' title='bbox 289 3390 419 3460; x_wconf 83' lang='grc' dir='ltr'>γὰρ,</span> <span class='ocrx_word' id='word_1_300' title='bbox 467 3388 623 3441; x_wconf 87' lang='grc' dir='ltr'>τοῦτο</span> <span class='ocrx_word' id='word_1_301' title='bbox 669 3389 901 3458; x_wconf 88' lang='grc' dir='ltr'>μάλιστα</span> <span class='ocrx_word' id='word_1_302' title='bbox 938 3389 1000 3442; x_wconf 84' lang='grc' dir='ltr'>τὸ</span> <span class='ocrx_word' id='word_1_303' title='bbox 1040 3390 1329 3461; x_wconf 88' lang='grc' dir='ltr'>φάρμακον</span> <span class='ocrx_word' id='word_1_304' title='bbox 1368 3391 1635 3461; x_wconf 87' lang='grc' dir='ltr'>τοσαύτην</span> 
     </span>
    </p>
   </div>
   <div class='ocr_carea' id='block_1_39' title="bbox 54 3471 1639 3545">
    <p class='ocr_par' dir='ltr' id='par_1_39' title="bbox 54 3471 1639 3545">
     <span class='ocr_line' id='line_1_39' title="bbox 54 3471 1639 3545; baseline 0 -18"><span class='ocrx_word' id='word_1_305' title='bbox 54 3479 191 3545; x_wconf 71' lang='grc' dir='ltr'>ἡμῖν</span> <span class='ocrx_word' id='word_1_306' title='bbox 222 3472 447 3543; x_wconf 78' lang='grc' dir='ltr'>παρέξει</span> <span class='ocrx_word' id='word_1_307' title='bbox 490 3471 588 3543; x_wconf 81' lang='grc' dir='ltr'>τὴν</span> <span class='ocrx_word' id='word_1_308' title='bbox 621 3473 933 3543; x_wconf 85' lang='grc' dir='ltr'>θεραπείαν,</span> <span class='ocrx_word' id='word_1_309' title='bbox 964 3474 1057 3526; x_wconf 80' lang='grc' dir='ltr'>καὶ</span> <span class='ocrx_word' id='word_1_310' title='bbox 1085 3473 1255 3536; x_wconf 75' lang='grc' dir='ltr'>οὕτως</span> <span class='ocrx_word' id='word_1_311' title='bbox 1288 3474 1540 3543; x_wconf 84' lang='grc' dir='ltr'>ἀφανίσει</span> <span class='ocrx_word' id='word_1_312' title='bbox 1568 3475 1639 3527; x_wconf 78' lang='grc' dir='ltr'>τὰ</span> 
     </span>
    </p>
   </div>
   <div class='ocr_carea' id='block_1_40' title="bbox 55 3555 1636 3629">
    <p class='ocr_par' dir='ltr' id='par_1_40' title="bbox 55 3555 1636 3629">
     <span class='ocr_line' id='line_1_40' title="bbox 55 3555 1636 3629; baseline -0.002 -17"><span class='ocrx_word' id='word_1_313' title='bbox 55 3560 193 3629; x_wconf 78' lang='grc' dir='ltr'>ἐλκη</span> <span class='ocrx_word' id='word_1_314' title='bbox 245 3558 353 3608; x_wconf 87' lang='grc' dir='ltr'>τῶν</span> <span class='ocrx_word' id='word_1_315' title='bbox 395 3555 676 3626; x_wconf 77' lang='grc' dir='ltr'>ἡμετέρων</span> <span class='ocrx_word' id='word_1_316' title='bbox 724 3555 909 3624; x_wconf 90' lang='grc' dir='ltr'>ψυχῶν</span> <span class='ocrx_word' id='word_1_317' title='bbox 932 3595 947 3618; x_wconf 93' lang='grc'>,</span> <span class='ocrx_word' id='word_1_318' title='bbox 992 3556 1064 3619; x_wconf 88' lang='grc' dir='ltr'>ὡς</span> <span class='ocrx_word' id='word_1_319' title='bbox 1133 3556 1265 3625; x_wconf 87' lang='grc' dir='ltr'>μηδὲ</span> <span class='ocrx_word' id='word_1_320' title='bbox 1312 3558 1455 3626; x_wconf 76' lang='grc' dir='ltr'>ἴχνος</span> <span class='ocrx_word' id='word_1_321' title='bbox 1503 3557 1636 3627; x_wconf 87' lang='grc' dir='ltr'>μηδέ</span> 
     </span>
    </p>
   </div>
   <div class='ocr_carea' id='block_1_41' title="bbox 56 3639 1638 3711">
    <p class='ocr_par' dir='ltr' id='par_1_41' title="bbox 56 3639 1638 3711">
     <span class='ocr_line' id='line_1_41' title="bbox 56 3639 1638 3711; baseline -0.001 -16"><span class='ocrx_word' id='word_1_322' title='bbox 56 3641 227 3709; x_wconf 81' lang='grc' dir='ltr'>οὐλὴν</span> <span class='ocrx_word' id='word_1_323' title='bbox 244 3639 667 3709; x_wconf 80' lang='grc' dir='ltr'>καταλειφθῆναι</span> <span class='ocrx_word' id='word_1_324' title='bbox 690 3654 703 3667; x_wconf 90' lang='grc'>·</span> <span class='ocrx_word' id='word_1_325' title='bbox 732 3640 866 3710; x_wconf 84' lang='grc' dir='ltr'>ὅπερ</span> <span class='ocrx_word' id='word_1_326' title='bbox 886 3640 1105 3692; x_wconf 72' lang='grc' dir='ltr'>ἐπὶτῶν</span> <span class='ocrx_word' id='word_1_327' title='bbox 1131 3641 1453 3709; x_wconf 86' lang='grc' dir='ltr'>σωματικῶν</span> <span class='ocrx_word' id='word_1_328' title='bbox 1474 3658 1638 3711; x_wconf 87' lang='grc' dir='ltr'>τραυ-</span> 
     </span>
    </p>
   </div>
   <div class='ocr_carea' id='block_1_42' title="bbox 61 3716 1637 3793">
    <p class='ocr_par' dir='ltr' id='par_1_42' title="bbox 61 3716 1637 3793">
     <span class='ocr_line' id='line_1_42' title="bbox 61 3716 1637 3793; baseline -0.001 -17"><span class='ocrx_word' id='word_1_329' title='bbox 61 3726 260 3793; x_wconf 80' lang='grc' dir='ltr'>μάτων</span> <span class='ocrx_word' id='word_1_330' title='bbox 283 3723 382 3792; x_wconf 87' lang='grc' dir='ltr'>οὐχ</span> <span class='ocrx_word' id='word_1_331' title='bbox 399 3716 510 3775; x_wconf 74' lang='grc' dir='ltr'>οἷόν</span> <span class='ocrx_word' id='word_1_332' title='bbox 535 3739 594 3774; x_wconf 90' lang='grc' dir='ltr'>τε</span> <span class='ocrx_word' id='word_1_333' title='bbox 621 3721 891 3790; x_wconf 88' lang='grc' dir='ltr'>γενέσθαι.</span> <span class='ocrx_word' id='word_1_334' title='bbox 915 3722 1037 3775; x_wconf 80' lang='grc' dir='ltr'>Κάν</span> <span class='ocrx_word' id='word_1_335' title='bbox 1049 3722 1154 3792; x_wconf 81' lang='grc' dir='ltr'>γὰρ</span> <span class='ocrx_word' id='word_1_336' title='bbox 1179 3723 1434 3793; x_wconf 85' lang='grc' dir='ltr'>μυριάκις</span> <span class='ocrx_word' id='word_1_337' title='bbox 1461 3740 1545 3785; x_wconf 92' lang='grc' dir='ltr'>τις</span> <span class='ocrx_word' id='word_1_338' title='bbox 1569 3723 1637 3774; x_wconf 72' lang='grc' dir='ltr'>τὰ</span> 
     </span>
    </p>
   </div>
   <div class='ocr_carea' id='block_1_43' title="bbox 58 3804 1637 3877">
    <p class='ocr_par' dir='ltr' id='par_1_43' title="bbox 58 3804 1637 3877">
     <span class='ocr_line' id='line_1_43' title="bbox 58 3804 1637 3877; baseline -0.003 -18"><span class='ocrx_word' id='word_1_339' title='bbox 58 3809 340 3877; x_wconf 78' lang='grc' dir='ltr'>φάρμακα</span> <span class='ocrx_word' id='word_1_340' title='bbox 373 3804 452 3875; x_wconf 83' lang='grc' dir='ltr'>τῷ</span> <span class='ocrx_word' id='word_1_341' title='bbox 498 3805 683 3875; x_wconf 87' lang='grc' dir='ltr'>οἰκείῳ</span> <span class='ocrx_word' id='word_1_342' title='bbox 732 3804 1006 3875; x_wconf 85' lang='grc' dir='ltr'>τραύματι</span> <span class='ocrx_word' id='word_1_343' title='bbox 1042 3805 1204 3874; x_wconf 82' lang='grc' dir='ltr'>ἐπιθῇ</span> <span class='ocrx_word' id='word_1_344' title='bbox 1252 3804 1321 3856; x_wconf 86' lang='grc' dir='ltr'>τά</span> <span class='ocrx_word' id='word_1_345' title='bbox 1355 3805 1505 3874; x_wconf 84' lang='grc' dir='ltr'>παρά</span> <span class='ocrx_word' id='word_1_346' title='bbox 1528 3804 1637 3856; x_wconf 89' lang='grc' dir='ltr'>τῶν</span> 
     </span>
    </p>
   </div>
   <div class='ocr_carea' id='block_1_44' title="bbox 61 3886 1639 3962">
    <p class='ocr_par' dir='ltr' id='par_1_44' title="bbox 61 3886 1639 3962">
     <span class='ocr_line' id='line_1_44' title="bbox 61 3886 1639 3962; baseline -0.004 -17"><span class='ocrx_word' id='word_1_347' title='bbox 61 3890 275 3962; x_wconf 77' lang='grc' dir='ltr'>ἰατρῶν</span> <span class='ocrx_word' id='word_1_348' title='bbox 306 3888 847 3959; x_wconf 79' lang='grc' dir='ltr'>κατασκευαζόμενα,</span> <span class='ocrx_word' id='word_1_349' title='bbox 875 3891 1088 3958; x_wconf 86' lang='grc' dir='ltr'>ἀνάγκη</span> <span class='ocrx_word' id='word_1_350' title='bbox 1127 3888 1225 3958; x_wconf 77' lang='grc' dir='ltr'>τὴν</span> <span class='ocrx_word' id='word_1_351' title='bbox 1255 3888 1416 3958; x_wconf 83' lang='grc' dir='ltr'>οὐλὴν</span> <span class='ocrx_word' id='word_1_352' title='bbox 1452 3890 1508 3939; x_wconf 87' lang='grc' dir='ltr'>ἐν</span> <span class='ocrx_word' id='word_1_353' title='bbox 1562 3886 1639 3955; x_wconf 78' lang='grc' dir='ltr'>τῷ</span> 
     </span>
    </p>
   </div>
   <div class='ocr_carea' id='block_1_45' title="bbox 59 3970 1642 4043">
    <p class='ocr_par' dir='ltr' id='par_1_45' title="bbox 59 3970 1642 4043">
     <span class='ocr_line' id='line_1_45' title="bbox 59 3970 1642 4043; baseline -0.003 -17"><span class='ocrx_word' id='word_1_354' title='bbox 59 3975 287 4043; x_wconf 76' lang='grc' dir='ltr'>σώματι</span> <span class='ocrx_word' id='word_1_355' title='bbox 305 3971 655 4041; x_wconf 83' lang='grc' dir='ltr'>ἐναπομένειν</span> <span class='ocrx_word' id='word_1_356' title='bbox 678 3988 693 4003; x_wconf 79' lang='grc' dir='ltr'>ο</span> <span class='ocrx_word' id='word_1_357' title='bbox 722 3972 816 4026; x_wconf 80' lang='grc' dir='ltr'>καί</span> <span class='ocrx_word' id='word_1_358' title='bbox 838 3972 1061 4035; x_wconf 86' lang='grc' dir='ltr'>εἰκότως</span> <span class='ocrx_word' id='word_1_359' title='bbox 1079 3987 1094 4001; x_wconf 70' lang='grc' dir='ltr'>ο</span> <span class='ocrx_word' id='word_1_360' title='bbox 1122 3972 1281 4041; x_wconf 86' lang='grc' dir='ltr'>σῶμα</span> <span class='ocrx_word' id='word_1_361' title='bbox 1310 3971 1414 4040; x_wconf 89' lang='grc' dir='ltr'>γάρ</span> <span class='ocrx_word' id='word_1_362' title='bbox 1438 3972 1552 4023; x_wconf 83' lang='grc' dir='ltr'>ἐστι</span> <span class='ocrx_word' id='word_1_363' title='bbox 1580 3970 1642 4022; x_wconf 78' lang='grc' dir='ltr'>τὸ</span> 
     </span>
    </p>
   </div>
   <div class='ocr_carea' id='block_1_46' title="bbox 59 4053 1641 4124">
    <p class='ocr_par' dir='ltr' id='par_1_46' title="bbox 59 4053 1641 4124">
     <span class='ocr_line' id='line_1_46' title="bbox 59 4053 1641 4124; baseline -0.003 -15"><span class='ocrx_word' id='word_1_364' title='bbox 59 4054 529 4124; x_wconf 87' lang='grc' dir='ltr'>θεραπευόμενον.</span> <span class='ocrx_word' id='word_1_365' title='bbox 559 4054 823 4108; x_wconf 76' lang='grc' dir='ltr'>Ἐνταῦθα</span> <span class='ocrx_word' id='word_1_366' title='bbox 850 4055 906 4107; x_wconf 81' lang='grc' dir='ltr'>δὲ</span> <span class='ocrx_word' id='word_1_367' title='bbox 932 4054 1116 4124; x_wconf 85' lang='grc' dir='ltr'>ἐπειδὴ</span> <span class='ocrx_word' id='word_1_368' title='bbox 1138 4053 1281 4123; x_wconf 87' lang='grc' dir='ltr'>ψυχή</span> <span class='ocrx_word' id='word_1_369' title='bbox 1312 4055 1457 4105; x_wconf 86' lang='grc' dir='ltr'>ἐστιν</span> <span class='ocrx_word' id='word_1_370' title='bbox 1490 4054 1522 4123; x_wconf 84' lang='grc' dir='ltr'>ή</span> <span class='ocrx_word' id='word_1_371' title='bbox 1554 4053 1641 4104; x_wconf 82' lang='grc' dir='ltr'>θε-</span> 
     </span>
    </p>
   </div>
   <div class='ocr_carea' id='block_1_47' title="bbox 61 4126 1643 4209">
    <p class='ocr_par' dir='ltr' id='par_1_47' title="bbox 61 4126 1643 4209">
     <span class='ocr_line' id='line_1_47' title="bbox 61 4126 1643 4209; baseline -0.002 -18"><span class='ocrx_word' id='word_1_372' title='bbox 61 4126 450 4209; x_wconf 85' lang='grc' dir='ltr'>ραπευομένη,</span> <span class='ocrx_word' id='word_1_373' title='bbox 477 4136 695 4190; x_wconf 80' lang='grc' dir='ltr'>ἐπειδὰν</span> <span class='ocrx_word' id='word_1_374' title='bbox 721 4136 819 4208; x_wconf 87' lang='grc' dir='ltr'>τὴν</span> <span class='ocrx_word' id='word_1_375' title='bbox 849 4138 1055 4190; x_wconf 89' lang='grc' dir='ltr'>οἰκείαν</span> <span class='ocrx_word' id='word_1_376' title='bbox 1080 4137 1499 4207; x_wconf 79' lang='grc' dir='ltr'>εὐγνωμοσύνην</span> <span class='ocrx_word' id='word_1_377' title='bbox 1524 4138 1643 4189; x_wconf 84' lang='grc' dir='ltr'>ἐπι-</span> 
     </span>
    </p>
   </div>
   <div class='ocr_carea' id='block_1_48' title="bbox 57 4218 1645 4289">
    <p class='ocr_par' dir='ltr' id='par_1_48' title="bbox 57 4218 1645 4289">
     <span class='ocr_line' id='line_1_48' title="bbox 57 4218 1645 4289; baseline -0.001 -17"><span class='ocrx_word' id='word_1_378' title='bbox 57 4221 336 4289; x_wconf 80' lang='grc' dir='ltr'>δείξηται,</span> <span class='ocrx_word' id='word_1_379' title='bbox 370 4218 570 4289; x_wconf 85' lang='grc' dir='ltr'>πολλὴν</span> <span class='ocrx_word' id='word_1_380' title='bbox 594 4218 804 4289; x_wconf 86' lang='grc' dir='ltr'>δέχεται</span> <span class='ocrx_word' id='word_1_381' title='bbox 837 4219 935 4288; x_wconf 81' lang='grc' dir='ltr'>τὴν</span> <span class='ocrx_word' id='word_1_382' title='bbox 968 4221 1061 4272; x_wconf 75' lang='grc' dir='ltr'>ἐπὶ</span> <span class='ocrx_word' id='word_1_383' title='bbox 1084 4220 1144 4273; x_wconf 82' lang='grc' dir='ltr'>τὸ</span> <span class='ocrx_word' id='word_1_384' title='bbox 1175 4220 1379 4289; x_wconf 85' lang='grc' dir='ltr'>βέλτιον</span> <span class='ocrx_word' id='word_1_385' title='bbox 1414 4219 1645 4289; x_wconf 81' lang='grc' dir='ltr'>μεταϐο-</span> 
     </span>
    </p>
   </div>
   <div class='ocr_carea' id='block_1_49' title="bbox 59 4300 1647 4373">
    <p class='ocr_par' dir='ltr' id='par_1_49' title="bbox 59 4300 1647 4373">
     <span class='ocr_line' id='line_1_49' title="bbox 59 4300 1647 4373; baseline -0.002 -17"><span class='ocrx_word' id='word_1_386' title='bbox 59 4302 187 4373; x_wconf 79' lang='grc' dir='ltr'>λὴν,</span> <span class='ocrx_word' id='word_1_387' title='bbox 221 4302 320 4354; x_wconf 79' lang='grc' dir='ltr'>καὶ</span> <span class='ocrx_word' id='word_1_388' title='bbox 351 4300 521 4363; x_wconf 78' lang='grc' dir='ltr'>οὕτως</span> <span class='ocrx_word' id='word_1_389' title='bbox 548 4303 765 4355; x_wconf 78' lang='grc' dir='ltr'>ἅπαντα</span> <span class='ocrx_word' id='word_1_390' title='bbox 802 4301 1249 4371; x_wconf 85' lang='grc' dir='ltr'>φυγαδεύεταιτά</span> <span class='ocrx_word' id='word_1_391' title='bbox 1274 4302 1429 4371; x_wconf 79' lang='grc' dir='ltr'>ἐλκη,</span> <span class='ocrx_word' id='word_1_392' title='bbox 1463 4301 1537 4365; x_wconf 87' lang='grc' dir='ltr'>ὠς</span> <span class='ocrx_word' id='word_1_393' title='bbox 1581 4301 1647 4353; x_wconf 86' lang='grc' dir='ltr'>ἂν</span> 
     </span>
    </p>
   </div>
   <div class='ocr_carea' id='block_1_50' title="bbox 63 4384 1649 4456">
    <p class='ocr_par' dir='ltr' id='par_1_50' title="bbox 63 4384 1649 4456">
     <span class='ocr_line' id='line_1_50' title="bbox 63 4384 1649 4456; baseline -0.003 -17"><span class='ocrx_word' id='word_1_394' title='bbox 63 4384 373 4454; x_wconf 78' lang='grc' dir='ltr'>κονιορτὸς,</span> <span class='ocrx_word' id='word_1_395' title='bbox 405 4385 607 4455; x_wconf 81' lang='grc' dir='ltr'>ἀνέμου</span> <span class='ocrx_word' id='word_1_396' title='bbox 639 4385 866 4456; x_wconf 86' lang='grc' dir='ltr'>σφοδροῦ</span> <span class='ocrx_word' id='word_1_397' title='bbox 890 4384 1275 4456; x_wconf 89' lang='grc' dir='ltr'>διεγερθέντος.</span> <span class='ocrx_word' id='word_1_398' title='bbox 1316 4386 1424 4439; x_wconf 78' lang='grc' dir='ltr'>Καὶ</span> <span class='ocrx_word' id='word_1_399' title='bbox 1446 4384 1649 4436; x_wconf 87' lang='grc' dir='ltr'>τούτων</span> 
     </span>
    </p>
   </div>
   <div class='ocr_carea' id='block_1_51' title="bbox 58 4468 1647 4539">
    <p class='ocr_par' dir='ltr' id='par_1_51' title="bbox 58 4468 1647 4539">
     <span class='ocr_line' id='line_1_51' title="bbox 58 4468 1647 4539; baseline -0.002 -17"><span class='ocrx_word' id='word_1_400' title='bbox 58 4469 331 4522; x_wconf 80' lang='grc' dir='ltr'>ἁπάντων</span> <span class='ocrx_word' id='word_1_401' title='bbox 376 4468 485 4521; x_wconf 86' lang='grc' dir='ltr'>τῶν</span> <span class='ocrx_word' id='word_1_402' title='bbox 526 4468 941 4539; x_wconf 83' lang='grc' dir='ltr'>ὑποδειγμάτων</span> <span class='ocrx_word' id='word_1_403' title='bbox 993 4469 1360 4539; x_wconf 83' lang='grc' dir='ltr'>ὐπερπλήρεις</span> <span class='ocrx_word' id='word_1_404' title='bbox 1411 4469 1541 4538; x_wconf 78' lang='grc' dir='ltr'>ἡμῖν</span> <span class='ocrx_word' id='word_1_405' title='bbox 1591 4469 1647 4520; x_wconf 91' lang='grc' dir='ltr'>αἰ</span> 
     </span>
    </p>
   </div>
   <div class='ocr_carea' id='block_1_52' title="bbox 58 4550 1648 4623">
    <p class='ocr_par' dir='ltr' id='par_1_52' title="bbox 58 4550 1648 4623">
     <span class='ocr_line' id='line_1_52' title="bbox 58 4550 1648 4623; baseline -0.001 -18"><span class='ocrx_word' id='word_1_406' title='bbox 58 4552 312 4623; x_wconf 80' lang='grc' dir='ltr'>Γραφαί.</span> <span class='ocrx_word' id='word_1_407' title='bbox 339 4550 524 4615; x_wconf 81' lang='grc' dir='ltr'>Οῦτως</span> <span class='ocrx_word' id='word_1_408' title='bbox 547 4554 575 4605; x_wconf 97' lang='lat'>0</span> <span class='ocrx_word' id='word_1_409' title='bbox 598 4553 863 4622; x_wconf 86' lang='grc' dir='ltr'>μακάριος</span> <span class='ocrx_word' id='word_1_410' title='bbox 890 4550 1099 4613; x_wconf 88' lang='grc' dir='ltr'>Παῦλος</span> <span class='ocrx_word' id='word_1_411' title='bbox 1122 4550 1413 4614; x_wconf 88' lang='grc' dir='ltr'>ἀπόστολος</span> <span class='ocrx_word' id='word_1_412' title='bbox 1429 4552 1648 4618; x_wconf 86' lang='grc' dir='ltr'>γέγονεν</span> 
     </span>
    </p>
   </div>
   <div class='ocr_carea' id='block_1_53' title="bbox 58 4633 1645 4706">
    <p class='ocr_par' dir='ltr' id='par_1_53' title="bbox 58 4633 1645 4706">
     <span class='ocr_line' id='line_1_53' title="bbox 58 4633 1645 4706; baseline -0.001 -18"><span class='ocrx_word' id='word_1_413' title='bbox 58 4638 177 4689; x_wconf 80' lang='grc' dir='ltr'>ἀπὸ</span> <span class='ocrx_word' id='word_1_414' title='bbox 200 4633 455 4701; x_wconf 80' lang='grc' dir='ltr'>διώκτου,</span> <span class='ocrx_word' id='word_1_415' title='bbox 481 4635 577 4687; x_wconf 76' lang='grc' dir='ltr'>καὶ</span> <span class='ocrx_word' id='word_1_416' title='bbox 600 4636 627 4687; x_wconf 93' lang='lat'>0</span> <span class='ocrx_word' id='word_1_417' title='bbox 653 4634 916 4706; x_wconf 85' lang='grc' dir='ltr'>πρότερον</span> <span class='ocrx_word' id='word_1_418' title='bbox 946 4635 1160 4705; x_wconf 90' lang='grc' dir='ltr'>πορθῶν</span> <span class='ocrx_word' id='word_1_419' title='bbox 1180 4635 1281 4705; x_wconf 76' lang='grc' dir='ltr'>τὴν.</span> <span class='ocrx_word' id='word_1_420' title='bbox 1303 4634 1645 4706; x_wconf 86' lang='grc' dir='ltr'>Ἐκκλησίαν,</span> 
     </span>
    </p>
   </div>
   <div class='ocr_carea' id='block_1_54' title="bbox 60 4716 1336 4788">
    <p class='ocr_par' dir='ltr' id='par_1_54' title="bbox 60 4716 1336 4788">
     <span class='ocr_line' id='line_1_54' title="bbox 60 4716 1336 4788; baseline -0.001 -17"><span class='ocrx_word' id='word_1_421' title='bbox 60 4719 304 4788; x_wconf 79' lang='grc' dir='ltr'>ὕστερον</span> <span class='ocrx_word' id='word_1_422' title='bbox 344 4717 503 4779; x_wconf 83' lang='grc' dir='ltr'>αὐτὸς</span> <span class='ocrx_word' id='word_1_423' title='bbox 538 4716 705 4787; x_wconf 82' lang='grc' dir='ltr'>αὐτῆς</span> <span class='ocrx_word' id='word_1_424' title='bbox 733 4718 921 4786; x_wconf 86' lang='grc' dir='ltr'>γέγονε</span> <span class='ocrx_word' id='word_1_425' title='bbox 954 4716 1336 4787; x_wconf 88' lang='grc' dir='ltr'>νυμφαγωγός.</span> 
     </span>
    </p>
   </div>
   <div class='ocr_carea' id='block_1_55' title="bbox 133 4817 1646 4891">
    <p class='ocr_par' dir='ltr' id='par_1_55' title="bbox 133 4817 1646 4891">
     <span class='ocr_line' id='line_1_55' title="bbox 133 4817 1646 4891; baseline -0.001 -15"><span class='ocrx_word' id='word_1_426' title='bbox 133 4823 204 4876; x_wconf 80' lang='grc' dir='ltr'>δ’.</span> <span class='ocrx_word' id='word_1_427' title='bbox 231 4817 388 4884; x_wconf 74' lang='grc' dir='ltr'>Εἶδες</span> <span class='ocrx_word' id='word_1_428' title='bbox 413 4819 589 4891; x_wconf 78' lang='grc' dir='ltr'>ἄκραν</span> <span class='ocrx_word' id='word_1_429' title='bbox 623 4819 722 4889; x_wconf 79' lang='grc' dir='ltr'>τὴν</span> <span class='ocrx_word' id='word_1_430' title='bbox 762 4819 1098 4891; x_wconf 85' lang='grc' dir='ltr'>μεταϐολήν;</span> <span class='ocrx_word' id='word_1_431' title='bbox 1139 4818 1274 4883; x_wconf 75' lang='grc' dir='ltr'>εἶδες</span> <span class='ocrx_word' id='word_1_432' title='bbox 1305 4821 1511 4890; x_wconf 79' lang='grc' dir='ltr'>ἄφατον</span> <span class='ocrx_word' id='word_1_433' title='bbox 1547 4820 1646 4890; x_wconf 79' lang='grc' dir='ltr'>τὴν</span> 
     </span>
    </p>
   </div>
   <div class='ocr_carea' id='block_1_56' title="bbox 60 4906 1650 4982">
    <p class='ocr_par' dir='ltr' id='par_1_56' title="bbox 60 4906 1650 4982">
     <span class='ocr_line' id='line_1_56' title="bbox 60 4906 1650 4982; baseline -0.002 -18"><span class='ocrx_word' id='word_1_434' title='bbox 60 4910 408 4982; x_wconf 80' lang='grc' dir='ltr'>μετάστασιν</span> <span class='ocrx_word' id='word_1_435' title='bbox 428 4923 443 4971; x_wconf 87' lang='lat'>;</span> <span class='ocrx_word' id='word_1_436' title='bbox 472 4907 627 4959; x_wconf 70' lang='grc' dir='ltr'>Οὕτω</span> <span class='ocrx_word' id='word_1_437' title='bbox 643 4906 736 4959; x_wconf 77' lang='grc' dir='ltr'>καὶ</span> <span class='ocrx_word' id='word_1_438' title='bbox 761 4908 791 4959; x_wconf 88' lang='lat'>0</span> <span class='ocrx_word' id='word_1_439' title='bbox 810 4906 1013 4978; x_wconf 76' lang='grc' dir='ltr'>λῃστὴς</span> <span class='ocrx_word' id='word_1_440' title='bbox 1032 4908 1256 4977; x_wconf 87' lang='grc' dir='ltr'>μυρίους</span> <span class='ocrx_word' id='word_1_441' title='bbox 1279 4908 1650 4979; x_wconf 80' lang='grc' dir='ltr'>ἐργασάμενος</span> 
     </span>
    </p>
   </div>
   <div class='ocr_carea' id='block_1_57' title="bbox 56 4992 1645 5069">
    <p class='ocr_par' dir='ltr' id='par_1_57' title="bbox 56 4992 1645 5069">
     <span class='ocr_line' id='line_1_57' title="bbox 56 4992 1645 5069; baseline -0.003 -18"><span class='ocrx_word' id='word_1_442' title='bbox 56 5002 291 5069; x_wconf 72' lang='grc' dir='ltr'>φόνους,</span> <span class='ocrx_word' id='word_1_443' title='bbox 325 4996 381 5048; x_wconf 92' lang='grc' dir='ltr'>ἐν</span> <span class='ocrx_word' id='word_1_444' title='bbox 425 4996 526 5065; x_wconf 83' lang='grc' dir='ltr'>μιᾷ</span> <span class='ocrx_word' id='word_1_445' title='bbox 560 4992 751 5065; x_wconf 87' lang='grc' dir='ltr'>καιροῦ</span> <span class='ocrx_word' id='word_1_446' title='bbox 780 4997 918 5065; x_wconf 82' lang='grc' dir='ltr'>ῥοπῇ</span> <span class='ocrx_word' id='word_1_447' title='bbox 947 4994 1035 5048; x_wconf 80' lang='grc' dir='ltr'>διὰ</span> <span class='ocrx_word' id='word_1_448' title='bbox 1060 4996 1167 5048; x_wconf 90' lang='grc' dir='ltr'>τῶν</span> <span class='ocrx_word' id='word_1_449' title='bbox 1199 4995 1395 5063; x_wconf 86' lang='grc' dir='ltr'>ὀλίγων</span> <span class='ocrx_word' id='word_1_450' title='bbox 1423 4995 1645 5048; x_wconf 86' lang='grc' dir='ltr'>ἐκείνων</span> 
     </span>
    </p>
   </div>
   <div class='ocr_carea' id='block_1_58' title="bbox 58 5081 1644 5159">
    <p class='ocr_par' dir='ltr' id='par_1_58' title="bbox 58 5081 1644 5159">
     <span class='ocr_line' id='line_1_58' title="bbox 58 5081 1644 5159; baseline -0.001 -25"><span class='ocrx_word' id='word_1_451' title='bbox 58 5085 342 5159; x_wconf 78' lang='grc' dir='ltr'>ῥημάτων</span> <span class='ocrx_word' id='word_1_452' title='bbox 366 5081 536 5145; x_wconf 72' lang='grc' dir='ltr'>οὕτως</span> <span class='ocrx_word' id='word_1_453' title='bbox 570 5082 788 5136; x_wconf 74' lang='grc' dir='ltr'>ἅπαντα</span> <span class='ocrx_word' id='word_1_454' title='bbox 820 5081 1119 5151; x_wconf 78' lang='grc' dir='ltr'>ἀπενίψατο</span> <span class='ocrx_word' id='word_1_455' title='bbox 1146 5082 1214 5136; x_wconf 75' lang='grc' dir='ltr'>τὰ</span> <span class='ocrx_word' id='word_1_456' title='bbox 1252 5084 1644 5153; x_wconf 85' lang='grc' dir='ltr'>ἁμαρτήματα,</span> 
     </span>
    </p>
   </div>
   <div class='ocr_carea' id='block_1_59' title="bbox 55 5168 1648 5239">
    <p class='ocr_par' dir='ltr' id='par_1_59' title="bbox 55 5168 1648 5239">
     <span class='ocr_line' id='line_1_59' title="bbox 55 5168 1648 5239; baseline -0.003 -12"><span class='ocrx_word' id='word_1_457' title='bbox 55 5175 141 5236; x_wconf 74' lang='grc' dir='ltr'>ὡς</span> <span class='ocrx_word' id='word_1_458' title='bbox 183 5168 422 5224; x_wconf 90' lang='grc' dir='ltr'>ἀκοῦσαι</span> <span class='ocrx_word' id='word_1_459' title='bbox 457 5169 610 5239; x_wconf 85' lang='grc' dir='ltr'>παρά</span> <span class='ocrx_word' id='word_1_460' title='bbox 638 5168 732 5222; x_wconf 86' lang='grc' dir='ltr'>τοῦ</span> <span class='ocrx_word' id='word_1_461' title='bbox 778 5170 1067 5233; x_wconf 87' lang='grc' dir='ltr'>Δεσπότου,</span> <span class='ocrx_word' id='word_1_462' title='bbox 1094 5171 1174 5222; x_wconf 84' lang='grc' dir='ltr'>ὅτι</span> <span class='ocrx_word' id='word_1_463' title='bbox 1220 5169 1488 5239; x_wconf 80' lang='grc' dir='ltr'>Σήμερον</span> <span class='ocrx_word' id='word_1_464' title='bbox 1521 5173 1648 5238; x_wconf 82' lang='grc' dir='ltr'>μετ’</span> 
     </span>
    </p>
   </div>
   <div class='ocr_carea' id='block_1_60' title="bbox 54 5253 1647 5329">
    <p class='ocr_par' dir='ltr' id='par_1_60' title="bbox 54 5253 1647 5329">
     <span class='ocr_line' id='line_1_60' title="bbox 54 5253 1647 5329; baseline -0.004 -15"><span class='ocrx_word' id='word_1_465' title='bbox 54 5258 221 5329; x_wconf 71' lang='grc' dir='ltr'>ἐμοῦ</span> <span class='ocrx_word' id='word_1_466' title='bbox 244 5257 362 5323; x_wconf 78' lang='grc' dir='ltr'>ἔσῃ</span> <span class='ocrx_word' id='word_1_467' title='bbox 389 5256 458 5309; x_wconf 80' lang='grc' dir='ltr'>ὲν</span> <span class='ocrx_word' id='word_1_468' title='bbox 473 5256 552 5321; x_wconf 86' lang='grc' dir='ltr'>τῷ</span> <span class='ocrx_word' id='word_1_469' title='bbox 567 5254 930 5325; x_wconf 79' lang='grc' dir='ltr'>παραδείσῳ.</span> <span class='ocrx_word' id='word_1_470' title='bbox 964 5253 1113 5327; x_wconf 78' lang='lat'>[536]</span> <span class='ocrx_word' id='word_1_471' title='bbox 1138 5255 1293 5310; x_wconf 72' lang='grc' dir='ltr'>Οὕτω</span> <span class='ocrx_word' id='word_1_472' title='bbox 1318 5256 1411 5310; x_wconf 73' lang='grc' dir='ltr'>κσίι</span> <span class='ocrx_word' id='word_1_473' title='bbox 1435 5258 1463 5309; x_wconf 96' lang='lat'>0</span> <span class='ocrx_word' id='word_1_474' title='bbox 1482 5256 1647 5309; x_wconf 84' lang='grc' dir='ltr'>τελώ-</span> 
     </span>
    </p>
   </div>
   <div class='ocr_carea' id='block_1_61' title="bbox 57 5342 1645 5417">
    <p class='ocr_par' dir='ltr' id='par_1_61' title="bbox 57 5342 1645 5417">
     <span class='ocr_line' id='line_1_61' title="bbox 57 5342 1645 5417; baseline -0.016 -6"><span class='ocrx_word' id='word_1_475' title='bbox 57 5363 189 5417; x_wconf 75' lang='grc' dir='ltr'>νης.</span> <span class='ocrx_word' id='word_1_476' title='bbox 220 5342 420 5413; x_wconf 73' lang='grc' dir='ltr'>στῆθος</span> <span class='ocrx_word' id='word_1_477' title='bbox 447 5343 677 5414; x_wconf 78' lang='grc' dir='ltr'>πλήξας,</span> <span class='ocrx_word' id='word_1_478' title='bbox 717 5344 808 5397; x_wconf 71' lang='grc' dir='ltr'>καί</span> <span class='ocrx_word' id='word_1_479' title='bbox 827 5343 895 5396; x_wconf 83' lang='grc' dir='ltr'>τά</span> <span class='ocrx_word' id='word_1_480' title='bbox 924 5346 1098 5397; x_wconf 87' lang='grc' dir='ltr'>οἰκεῖα</span> <span class='ocrx_word' id='word_1_481' title='bbox 1126 5344 1491 5414; x_wconf 85' lang='grc' dir='ltr'>ἁμαρτήματα</span> <span class='ocrx_word' id='word_1_482' title='bbox 1514 5345 1645 5414; x_wconf 79' lang='grc' dir='ltr'>ὁμο.</span> 
     </span>
    </p>
   </div>
   <div class='ocr_carea' id='block_1_62' title="bbox 56 5429 1644 5503">
    <p class='ocr_par' dir='ltr' id='par_1_62' title="bbox 56 5429 1644 5503">
     <span class='ocr_line' id='line_1_62' title="bbox 56 5429 1644 5503; baseline -0.001 -15"><span class='ocrx_word' id='word_1_483' title='bbox 56 5436 336 5503; x_wconf 84' lang='grc' dir='ltr'>λογήσας,</span> <span class='ocrx_word' id='word_1_484' title='bbox 360 5429 593 5499; x_wconf 84' lang='grc' dir='ltr'>κατῆλθε</span> <span class='ocrx_word' id='word_1_485' title='bbox 617 5429 1027 5500; x_wconf 80' lang='grc' dir='ltr'>δεδικαιωμένος</span> <span class='ocrx_word' id='word_1_486' title='bbox 1061 5430 1201 5501; x_wconf 84' lang='grc' dir='ltr'>ὑπὲρ</span> <span class='ocrx_word' id='word_1_487' title='bbox 1232 5431 1320 5484; x_wconf 78' lang='grc' dir='ltr'>τὸν</span> <span class='ocrx_word' id='word_1_488' title='bbox 1334 5433 1644 5503; x_wconf 80' lang='grc' dir='ltr'>Φαρισαῖον.</span> 
     </span>
    </p>
   </div>
   <div class='ocr_carea' id='block_1_63' title="bbox 71 5516 1648 5588">
    <p class='ocr_par' dir='ltr' id='par_1_63' title="bbox 71 5516 1648 5588">
     <span class='ocr_line' id='line_1_63' title="bbox 71 5516 1648 5588; baseline -0.002 -14"><span class='ocrx_word' id='word_1_489' title='bbox 71 5520 252 5575; x_wconf 81' lang='grc' dir='ltr'>Ἀλλά</span> <span class='ocrx_word' id='word_1_490' title='bbox 274 5516 479 5570; x_wconf 86' lang='grc' dir='ltr'>τούτων</span> <span class='ocrx_word' id='word_1_491' title='bbox 503 5517 599 5586; x_wconf 84' lang='grc' dir='ltr'>μὲν</span> <span class='ocrx_word' id='word_1_492' title='bbox 623 5517 851 5580; x_wconf 66' lang='grc' dir='ltr'>ἕκαστος</span> <span class='ocrx_word' id='word_1_493' title='bbox 887 5516 1065 5587; x_wconf 79' lang='grc' dir='ltr'>ψυχῆς</span> <span class='ocrx_word' id='word_1_494' title='bbox 1091 5518 1511 5588; x_wconf 87' lang='grc' dir='ltr'>εὐγνωμοσύνην</span> <span class='ocrx_word' id='word_1_495' title='bbox 1528 5520 1648 5571; x_wconf 84' lang='grc' dir='ltr'>ἐπι-</span> 
     </span>
    </p>
   </div>
   <div class='ocr_carea' id='block_1_64' title="bbox 57 5604 1645 5676">
    <p class='ocr_par' dir='ltr' id='par_1_64' title="bbox 57 5604 1645 5676">
     <span class='ocr_line' id='line_1_64' title="bbox 57 5604 1645 5676; baseline -0.002 -16"><span class='ocrx_word' id='word_1_496' title='bbox 57 5607 415 5676; x_wconf 79' lang='grc' dir='ltr'>δειξάμενος,</span> <span class='ocrx_word' id='word_1_497' title='bbox 447 5606 541 5658; x_wconf 80' lang='grc' dir='ltr'>καὶ</span> <span class='ocrx_word' id='word_1_498' title='bbox 568 5604 637 5657; x_wconf 87' lang='grc' dir='ltr'>τὰ</span> <span class='ocrx_word' id='word_1_499' title='bbox 664 5604 904 5675; x_wconf 85' lang='grc' dir='ltr'>πρότερα</span> <span class='ocrx_word' id='word_1_500' title='bbox 930 5604 1266 5675; x_wconf 85' lang='grc' dir='ltr'>ὁμολογήσας</span> <span class='ocrx_word' id='word_1_501' title='bbox 1309 5606 1645 5675; x_wconf 89' lang='grc' dir='ltr'>πταίσματα,</span> 
     </span>
    </p>
   </div>
   <div class='ocr_carea' id='block_1_65' title="bbox 54 5691 1649 5761">
    <p class='ocr_par' dir='ltr' id='par_1_65' title="bbox 54 5691 1649 5761">
     <span class='ocr_line' id='line_1_65' title="bbox 54 5691 1649 5761; baseline -0.003 -12"><span class='ocrx_word' id='word_1_502' title='bbox 54 5696 222 5749; x_wconf 75' lang='grc' dir='ltr'>οὕτω</span> <span class='ocrx_word' id='word_1_503' title='bbox 238 5694 339 5761; x_wconf 81' lang='grc' dir='ltr'>τῆς</span> <span class='ocrx_word' id='word_1_504' title='bbox 362 5694 758 5761; x_wconf 82' lang='grc' dir='ltr'>συγχωρήσεως</span> <span class='ocrx_word' id='word_1_505' title='bbox 774 5692 1106 5761; x_wconf 86' lang='grc' dir='ltr'>ἀπήλαυσεν.</span> <span class='ocrx_word' id='word_1_506' title='bbox 1130 5693 1354 5761; x_wconf 83' lang='grc' dir='ltr'>Ἴδωμεν</span> <span class='ocrx_word' id='word_1_507' title='bbox 1376 5691 1431 5745; x_wconf 86' lang='grc' dir='ltr'>δέ</span> <span class='ocrx_word' id='word_1_508' title='bbox 1448 5692 1649 5761; x_wconf 85' lang='grc' dir='ltr'>ταύτης</span> 
     </span>
    </p>
   </div>
   <div class='ocr_carea' id='block_1_66' title="bbox 58 5780 1653 5853">
    <p class='ocr_par' dir='ltr' id='par_1_66' title="bbox 58 5780 1653 5853">
     <span class='ocr_line' id='line_1_66' title="bbox 58 5780 1653 5853; baseline -0.001 -16"><span class='ocrx_word' id='word_1_509' title='bbox 58 5786 168 5853; x_wconf 81' lang='grc' dir='ltr'>τῆς</span> <span class='ocrx_word' id='word_1_510' title='bbox 199 5781 427 5850; x_wconf 83' lang='grc' dir='ltr'>ἐντολῆς</span> <span class='ocrx_word' id='word_1_511' title='bbox 452 5781 545 5851; x_wconf 82' lang='grc' dir='ltr'>τὴν</span> <span class='ocrx_word' id='word_1_512' title='bbox 588 5781 761 5849; x_wconf 78' lang='grc' dir='ltr'>ίσχὺν,</span> <span class='ocrx_word' id='word_1_513' title='bbox 784 5780 879 5834; x_wconf 76' lang='grc' dir='ltr'>καὶ</span> <span class='ocrx_word' id='word_1_514' title='bbox 909 5782 1040 5851; x_wconf 83' lang='grc' dir='ltr'>ὅσην</span> <span class='ocrx_word' id='word_1_515' title='bbox 1081 5781 1394 5851; x_wconf 88' lang='grc' dir='ltr'>περιουσίας</span> <span class='ocrx_word' id='word_1_516' title='bbox 1425 5782 1653 5851; x_wconf 83' lang='grc' dir='ltr'>δύναμιν</span> 
     </span>
    </p>
   </div>
   <div class='ocr_carea' id='block_1_67' title="bbox 1030 298 2201 359">
    <p class='ocr_par' dir='ltr' id='par_1_67' title="bbox 1030 298 2201 359">
     <span class='ocr_line' id='line_1_67' title="bbox 1030 298 2201 359; baseline 0.002 -5"><span class='ocrx_word' id='word_1_517' title='bbox 1030 299 1095 354; x_wconf 84' lang='grc' dir='ltr'>ΙΝ</span> <span class='ocrx_word' id='word_1_518' title='bbox 1134 299 1285 353; x_wconf 74' lang='lat' dir='ltr'>CAP.</span> <span class='ocrx_word' id='word_1_519' title='bbox 1325 298 1497 353; x_wconf 68' lang='lat' dir='ltr'>XXIX</span> <span class='ocrx_word' id='word_1_520' title='bbox 1533 298 1784 356; x_wconf 82' lang='lat' dir='ltr'>GENES.</span> <span class='ocrx_word' id='word_1_521' title='bbox 1822 299 2059 359; x_wconf 80' lang='lat' dir='ltr'>HOMIL.</span> <span class='ocrx_word' id='word_1_522' title='bbox 2092 301 2201 358; x_wconf 81' lang='lat' dir='ltr'>LV.</span> 
     </span>
    </p>
   </div>
   <div class='ocr_carea' id='block_1_68' title="bbox 3171 301 3275 358">
    <p class='ocr_par' dir='ltr' id='par_1_68' title="bbox 3171 301 3275 358">
     <span class='ocr_line' id='line_1_68' title="bbox 3171 301 3275 358; baseline 0.029 -4"><span class='ocrx_word' id='word_1_523' title='bbox 3171 301 3275 358; x_wconf 66' lang='lat'>085</span> 
     </span>
    </p>
   </div>
   <div class='ocr_carea' id='block_1_69' title="bbox 1712 414 3276 487">
    <p class='ocr_par' dir='ltr' id='par_1_69' title="bbox 1712 414 3276 487">
     <span class='ocr_line' id='line_1_69' title="bbox 1712 414 3276 487; baseline 0.008 -20"><span class='ocrx_word' id='word_1_524' title='bbox 1712 414 1880 486; x_wconf 79' lang='grc' dir='ltr'>αὐτῆς</span> <span class='ocrx_word' id='word_1_525' title='bbox 1915 419 2047 487; x_wconf 77' lang='grc' dir='ltr'>ἡμῖν</span> <span class='ocrx_word' id='word_1_526' title='bbox 2094 417 2439 487; x_wconf 80' lang='grc' dir='ltr'>ἐγγινόμενον</span> <span class='ocrx_word' id='word_1_527' title='bbox 2483 416 2669 487; x_wconf 86' lang='grc' dir='ltr'>κέρδος</span> <span class='ocrx_word' id='word_1_528' title='bbox 2694 455 2708 479; x_wconf 89' lang='grc'>,</span> <span class='ocrx_word' id='word_1_529' title='bbox 2757 415 3046 487; x_wconf 77' lang='grc' dir='ltr'>προθύμως</span> <span class='ocrx_word' id='word_1_530' title='bbox 3106 417 3276 485; x_wconf 73' lang='grc' dir='ltr'>αὐτὴν</span> 
     </span>
    </p>
   </div>
   <div class='ocr_carea' id='block_1_70' title="bbox 1716 496 3274 571">
    <p class='ocr_par' dir='ltr' id='par_1_70' title="bbox 1716 496 3274 571">
     <span class='ocr_line' id='line_1_70' title="bbox 1716 496 3274 571; baseline 0.003 -23"><span class='ocrx_word' id='word_1_531' title='bbox 1716 496 2077 567; x_wconf 79' lang='grc' dir='ltr'>μετέλθωμεν.</span> <span class='ocrx_word' id='word_1_532' title='bbox 2104 498 2256 569; x_wconf 84' lang='grc' dir='ltr'>Τάχα</span> <span class='ocrx_word' id='word_1_533' title='bbox 2302 499 2409 571; x_wconf 80' lang='grc' dir='ltr'>γὰρ</span> <span class='ocrx_word' id='word_1_534' title='bbox 2435 498 2670 567; x_wconf 85' lang='grc' dir='ltr'>τοσαύτη</span> <span class='ocrx_word' id='word_1_535' title='bbox 2694 499 2863 569; x_wconf 85' lang='grc' dir='ltr'>αὐτῆς</span> <span class='ocrx_word' id='word_1_536' title='bbox 2900 500 2934 569; x_wconf 85' lang='grc' dir='ltr'>ή</span> <span class='ocrx_word' id='word_1_537' title='bbox 2967 500 3274 569; x_wconf 81' lang='grc' dir='ltr'>περιουσία,</span> 
     </span>
    </p>
   </div>
   <div class='ocr_carea' id='block_1_71' title="bbox 1711 576 3282 653">
    <p class='ocr_par' dir='ltr' id='par_1_71' title="bbox 1711 576 3282 653">
     <span class='ocr_line' id='line_1_71' title="bbox 1711 576 3282 653; baseline 0.004 -25"><span class='ocrx_word' id='word_1_538' title='bbox 1711 576 1786 640; x_wconf 85' lang='grc' dir='ltr'>ὼς</span> <span class='ocrx_word' id='word_1_539' title='bbox 1816 580 1891 649; x_wconf 85' lang='grc' dir='ltr'>μὴ</span> <span class='ocrx_word' id='word_1_540' title='bbox 1924 579 2083 649; x_wconf 89' lang='grc' dir='ltr'>μόνον</span> <span class='ocrx_word' id='word_1_541' title='bbox 2108 582 2478 652; x_wconf 88' lang='grc' dir='ltr'>ἁμαρτήματα</span> <span class='ocrx_word' id='word_1_542' title='bbox 2508 581 2875 653; x_wconf 86' lang='grc' dir='ltr'>ἐκκαθαίρειν,</span> <span class='ocrx_word' id='word_1_543' title='bbox 2904 581 3039 635; x_wconf 86' lang='grc' dir='ltr'>ἀλλά</span> <span class='ocrx_word' id='word_1_544' title='bbox 3070 584 3162 636; x_wconf 73' lang='grc' dir='ltr'>καὶ</span> <span class='ocrx_word' id='word_1_545' title='bbox 3189 583 3282 635; x_wconf 83' lang='grc' dir='ltr'>αὐ-</span> 
     </span>
    </p>
   </div>
   <div class='ocr_carea' id='block_1_72' title="bbox 1712 659 3275 735">
    <p class='ocr_par' dir='ltr' id='par_1_72' title="bbox 1712 659 3275 735">
     <span class='ocr_line' id='line_1_72' title="bbox 1712 659 3275 735; baseline 0.005 -25"><span class='ocrx_word' id='word_1_546' title='bbox 1712 659 1803 711; x_wconf 78' lang='grc' dir='ltr'>τὸν</span> <span class='ocrx_word' id='word_1_547' title='bbox 1828 660 1919 712; x_wconf 82' lang='grc' dir='ltr'>τὸν</span> <span class='ocrx_word' id='word_1_548' title='bbox 1951 660 2176 715; x_wconf 86' lang='grc' dir='ltr'>θάνατον</span> <span class='ocrx_word' id='word_1_549' title='bbox 2209 662 2549 729; x_wconf 85' lang='grc' dir='ltr'>φυγαδεύειν.</span> <span class='ocrx_word' id='word_1_550' title='bbox 2581 663 2690 716; x_wconf 81' lang='grc' dir='ltr'>Καὶ</span> <span class='ocrx_word' id='word_1_551' title='bbox 2746 663 2888 730; x_wconf 90' lang='grc' dir='ltr'>λέγω</span> <span class='ocrx_word' id='word_1_552' title='bbox 2931 664 3023 716; x_wconf 80' lang='grc' dir='ltr'>τὸν</span> <span class='ocrx_word' id='word_1_553' title='bbox 3054 664 3275 735; x_wconf 87' lang='grc' dir='ltr'>τρόπον.</span> 
     </span>
    </p>
   </div>
   <div class='ocr_carea' id='block_1_73' title="bbox 1715 740 3279 815">
    <p class='ocr_par' dir='ltr' id='par_1_73' title="bbox 1715 740 3279 815">
     <span class='ocr_line' id='line_1_73' title="bbox 1715 740 3279 815; baseline 0.005 -24"><span class='ocrx_word' id='word_1_554' title='bbox 1715 740 1824 793; x_wconf 76' lang='grc' dir='ltr'>Καὶ</span> <span class='ocrx_word' id='word_1_555' title='bbox 1845 740 1948 805; x_wconf 91' lang='grc' dir='ltr'>τίς,</span> <span class='ocrx_word' id='word_1_556' title='bbox 1981 744 2167 812; x_wconf 75' lang='grc' dir='ltr'>φησὶν,</span> <span class='ocrx_word' id='word_1_557' title='bbox 2201 744 2570 813; x_wconf 86' lang='grc' dir='ltr'>ἐλεημοσύνην</span> <span class='ocrx_word' id='word_1_558' title='bbox 2597 744 3024 815; x_wconf 81' lang='grc' dir='ltr'>ἐπιδειξάμενος,</span> <span class='ocrx_word' id='word_1_559' title='bbox 3058 746 3154 798; x_wconf 91' lang='grc' dir='ltr'>τοῦ</span> <span class='ocrx_word' id='word_1_560' title='bbox 3178 746 3279 799; x_wconf 86' lang='grc' dir='ltr'>θα-</span> 
     </span>
    </p>
   </div>
   <div class='ocr_carea' id='block_1_74' title="bbox 1714 822 3281 898">
    <p class='ocr_par' dir='ltr' id='par_1_74' title="bbox 1714 822 3281 898">
     <span class='ocr_line' id='line_1_74' title="bbox 1714 822 3281 898; baseline 0.004 -25"><span class='ocrx_word' id='word_1_561' title='bbox 1714 822 1872 876; x_wconf 90' lang='grc' dir='ltr'>νάτου</span> <span class='ocrx_word' id='word_1_562' title='bbox 1912 825 2173 893; x_wconf 89' lang='grc' dir='ltr'>κρείττων</span> <span class='ocrx_word' id='word_1_563' title='bbox 2218 825 2449 893; x_wconf 86' lang='grc' dir='ltr'>γέγονε;</span> <span class='ocrx_word' id='word_1_564' title='bbox 2502 826 2610 879; x_wconf 72' lang='grc' dir='ltr'>Καὶ</span> <span class='ocrx_word' id='word_1_565' title='bbox 2655 827 2761 897; x_wconf 84' lang='grc' dir='ltr'>μὴν</span> <span class='ocrx_word' id='word_1_566' title='bbox 2796 828 3038 890; x_wconf 74' lang='grc' dir='ltr'>ἅπαντας</span> <span class='ocrx_word' id='word_1_567' title='bbox 3062 828 3281 898; x_wconf 81' lang='grc' dir='ltr'>δρῶμεν</span> 
     </span>
    </p>
   </div>
   <div class='ocr_carea' id='block_1_75' title="bbox 1716 905 3282 980">
    <p class='ocr_par' dir='ltr' id='par_1_75' title="bbox 1716 905 3282 980">
     <span class='ocr_line' id='line_1_75' title="bbox 1716 905 3282 980; baseline 0.003 -22"><span class='ocrx_word' id='word_1_568' title='bbox 1716 905 1820 959; x_wconf 80' lang='grc' dir='ltr'>ὑπὸ</span> <span class='ocrx_word' id='word_1_569' title='bbox 1840 905 1940 976; x_wconf 80' lang='grc' dir='ltr'>τὴν</span> <span class='ocrx_word' id='word_1_570' title='bbox 1960 907 2248 977; x_wconf 89' lang='grc' dir='ltr'>τυραννίδα</span> <span class='ocrx_word' id='word_1_571' title='bbox 2266 908 2359 960; x_wconf 87' lang='grc' dir='ltr'>τοῦ</span> <span class='ocrx_word' id='word_1_572' title='bbox 2390 908 2620 962; x_wconf 86' lang='grc' dir='ltr'>θανάτου</span> <span class='ocrx_word' id='word_1_573' title='bbox 2653 910 2987 977; x_wconf 84' lang='grc' dir='ltr'>γινομένους.</span> <span class='ocrx_word' id='word_1_574' title='bbox 3014 909 3105 980; x_wconf 84' lang='grc' dir='ltr'>Μὴ</span> <span class='ocrx_word' id='word_1_575' title='bbox 3122 909 3282 980; x_wconf 84' lang='grc' dir='ltr'>θορυ-</span> 
     </span>
    </p>
   </div>
   <div class='ocr_carea' id='block_1_76' title="bbox 1716 986 3283 1063">
    <p class='ocr_par' dir='ltr' id='par_1_76' title="bbox 1716 986 3283 1063">
     <span class='ocr_line' id='line_1_76' title="bbox 1716 986 3283 1063; baseline 0.004 -24"><span class='ocrx_word' id='word_1_576' title='bbox 1716 986 1907 1059; x_wconf 77' lang='grc' dir='ltr'>ϐηθῇς,</span> <span class='ocrx_word' id='word_1_577' title='bbox 1938 989 2206 1059; x_wconf 68' lang='grc' dir='ltr'>ἀγαητέ,</span> <span class='ocrx_word' id='word_1_578' title='bbox 2233 990 2369 1044; x_wconf 86' lang='grc' dir='ltr'>ἀλλά</span> <span class='ocrx_word' id='word_1_579' title='bbox 2401 990 2539 1061; x_wconf 85' lang='grc' dir='ltr'>μάθε</span> <span class='ocrx_word' id='word_1_580' title='bbox 2571 991 2637 1044; x_wconf 78' lang='grc' dir='ltr'>δι’</span> <span class='ocrx_word' id='word_1_581' title='bbox 2668 992 2846 1045; x_wconf 90' lang='grc' dir='ltr'>αὐτῶν</span> <span class='ocrx_word' id='word_1_582' title='bbox 2890 992 2999 1044; x_wconf 88' lang='grc' dir='ltr'>τῶν</span> <span class='ocrx_word' id='word_1_583' title='bbox 3025 992 3283 1063; x_wconf 84' lang='grc' dir='ltr'>πραγμά-</span> 
     </span>
    </p>
   </div>
   <div class='ocr_carea' id='block_1_77' title="bbox 1714 1071 3284 1143">
    <p class='ocr_par' dir='ltr' id='par_1_77' title="bbox 1714 1071 3284 1143">
     <span class='ocr_line' id='line_1_77' title="bbox 1714 1071 3284 1143; baseline 0.003 -22"><span class='ocrx_word' id='word_1_584' title='bbox 1714 1086 1845 1131; x_wconf 90' lang='grc' dir='ltr'>των,</span> <span class='ocrx_word' id='word_1_585' title='bbox 1876 1071 2023 1133; x_wconf 84' lang='grc' dir='ltr'>ὅπως</span> <span class='ocrx_word' id='word_1_586' title='bbox 2051 1074 2084 1141; x_wconf 86' lang='grc' dir='ltr'>ή</span> <span class='ocrx_word' id='word_1_587' title='bbox 2110 1072 2210 1140; x_wconf 75' lang='grc' dir='ltr'>τῆς</span> <span class='ocrx_word' id='word_1_588' title='bbox 2262 1072 2630 1143; x_wconf 85' lang='grc' dir='ltr'>ἐλεημοσύνης</span> <span class='ocrx_word' id='word_1_589' title='bbox 2684 1072 2911 1143; x_wconf 88' lang='grc' dir='ltr'>δύναμις</span> <span class='ocrx_word' id='word_1_590' title='bbox 2946 1074 3161 1143; x_wconf 89' lang='grc' dir='ltr'>ἐνίκησε</span> <span class='ocrx_word' id='word_1_591' title='bbox 3188 1075 3284 1126; x_wconf 75' lang='grc' dir='ltr'>καί</span> 
     </span>
    </p>
   </div>
   <div class='ocr_carea' id='block_1_78' title="bbox 1716 1153 3285 1226">
    <p class='ocr_par' dir='ltr' id='par_1_78' title="bbox 1716 1153 3285 1226">
     <span class='ocr_line' id='line_1_78' title="bbox 1716 1153 3285 1226; baseline 0.003 -21"><span class='ocrx_word' id='word_1_592' title='bbox 1716 1153 1906 1207; x_wconf 88' lang='grc' dir='ltr'>τούτου</span> <span class='ocrx_word' id='word_1_593' title='bbox 1938 1154 2036 1223; x_wconf 75' lang='grc' dir='ltr'>τὴν</span> <span class='ocrx_word' id='word_1_594' title='bbox 2066 1155 2373 1226; x_wconf 88' lang='grc' dir='ltr'>τυραννίδα.</span> <span class='ocrx_word' id='word_1_595' title='bbox 2404 1154 2616 1209; x_wconf 90' lang='grc' dir='ltr'>Ταϐιθά</span> <span class='ocrx_word' id='word_1_596' title='bbox 2635 1168 2717 1217; x_wconf 87' lang='grc' dir='ltr'>τις</span> <span class='ocrx_word' id='word_1_597' title='bbox 2743 1155 2960 1222; x_wconf 82' lang='grc' dir='ltr'>ἐγένετο</span> <span class='ocrx_word' id='word_1_598' title='bbox 2983 1156 3139 1226; x_wconf 83' lang='grc' dir='ltr'>γυνὴ,</span> <span class='ocrx_word' id='word_1_599' title='bbox 3162 1158 3285 1225; x_wconf 76' lang='grc' dir='ltr'>ἥτις</span> 
     </span>
    </p>
   </div>
   <div class='ocr_carea' id='block_1_79' title="bbox 1716 1233 3288 1309">
    <p class='ocr_par' dir='ltr' id='par_1_79' title="bbox 1716 1233 3288 1309">
     <span class='ocr_line' id='line_1_79' title="bbox 1716 1233 3288 1309; baseline 0.004 -24"><span class='ocrx_word' id='word_1_600' title='bbox 1716 1233 2175 1306; x_wconf 80' lang='grc' dir='ltr'>διερμηνευομένη</span> <span class='ocrx_word' id='word_1_601' title='bbox 2202 1237 2416 1305; x_wconf 85' lang='grc' dir='ltr'>λέγεται</span> <span class='ocrx_word' id='word_1_602' title='bbox 2442 1239 2649 1307; x_wconf 87' lang='grc' dir='ltr'>Δορκάς</span> <span class='ocrx_word' id='word_1_603' title='bbox 2670 1254 2683 1268; x_wconf 84' lang='grc'><em>’</em></span> <span class='ocrx_word' id='word_1_604' title='bbox 2708 1236 2847 1307; x_wconf 84' lang='grc' dir='ltr'>αὓτη</span> <span class='ocrx_word' id='word_1_605' title='bbox 2868 1238 3027 1309; x_wconf 74' lang='grc' dir='ltr'>ἔργον</span> <span class='ocrx_word' id='word_1_606' title='bbox 3053 1242 3288 1292; x_wconf 83' lang='grc' dir='ltr'>ἐποιεῖτο</span> 
     </span>
    </p>
   </div>
   <div class='ocr_carea' id='block_1_80' title="bbox 1717 1315 3289 1391">
    <p class='ocr_par' dir='ltr' id='par_1_80' title="bbox 1717 1315 3289 1391">
     <span class='ocr_line' id='line_1_80' title="bbox 1717 1315 3289 1391; baseline 0.004 -23"><span class='ocrx_word' id='word_1_607' title='bbox 1717 1315 1837 1368; x_wconf 83' lang='grc' dir='ltr'>καθ’</span> <span class='ocrx_word' id='word_1_608' title='bbox 1862 1316 2098 1386; x_wconf 89' lang='grc' dir='ltr'>ἐκάστην</span> <span class='ocrx_word' id='word_1_609' title='bbox 2135 1319 2344 1389; x_wconf 81' lang='grc' dir='ltr'>ἡμέραν</span> <span class='ocrx_word' id='word_1_610' title='bbox 2364 1318 2459 1389; x_wconf 78' lang='grc' dir='ltr'>τὴν</span> <span class='ocrx_word' id='word_1_611' title='bbox 2480 1319 2586 1371; x_wconf 79' lang='grc' dir='ltr'>ἀπὸ</span> <span class='ocrx_word' id='word_1_612' title='bbox 2610 1322 2709 1389; x_wconf 89' lang='grc' dir='ltr'>τῆς</span> <span class='ocrx_word' id='word_1_613' title='bbox 2739 1319 3107 1391; x_wconf 88' lang='grc' dir='ltr'>ἐλεημοσύνης</span> <span class='ocrx_word' id='word_1_614' title='bbox 3133 1321 3289 1375; x_wconf 87' lang='grc' dir='ltr'>εὐπο-</span> 
     </span>
    </p>
   </div>
   <div class='ocr_carea' id='block_1_81' title="bbox 1723 1398 3288 1473">
    <p class='ocr_par' dir='ltr' id='par_1_81' title="bbox 1723 1398 3288 1473">
     <span class='ocr_line' id='line_1_81' title="bbox 1723 1398 3288 1473; baseline 0.006 -23"><span class='ocrx_word' id='word_1_615' title='bbox 1723 1398 1841 1468; x_wconf 87' lang='grc' dir='ltr'>ρίαν</span> <span class='ocrx_word' id='word_1_616' title='bbox 1869 1399 2141 1467; x_wconf 89' lang='grc' dir='ltr'>συλλέγειν</span> <span class='ocrx_word' id='word_1_617' title='bbox 2161 1402 2362 1473; x_wconf 80' lang='grc' dir='ltr'>ἑαυτῇ·</span> <span class='ocrx_word' id='word_1_618' title='bbox 2397 1403 2488 1455; x_wconf 81' lang='grc' dir='ltr'>καὶ</span> <span class='ocrx_word' id='word_1_619' title='bbox 2522 1403 2849 1465; x_wconf 88' lang='grc' dir='ltr'>ἐνεδίδυσκε,</span> <span class='ocrx_word' id='word_1_620' title='bbox 2877 1404 3031 1473; x_wconf 69' lang='grc' dir='ltr'>φησὶ,</span> <span class='ocrx_word' id='word_1_621' title='bbox 3062 1404 3162 1467; x_wconf 88' lang='grc' dir='ltr'>τάς</span> <span class='ocrx_word' id='word_1_622' title='bbox 3187 1404 3288 1473; x_wconf 81' lang='grc' dir='ltr'>χή-</span> 
     </span>
    </p>
   </div>
   <div class='ocr_carea' id='block_1_82' title="bbox 1722 1483 3285 1557">
    <p class='ocr_par' dir='ltr' id='par_1_82' title="bbox 1722 1483 3285 1557">
     <span class='ocr_line' id='line_1_82' title="bbox 1722 1483 3285 1557; baseline 0.004 -24"><span class='ocrx_word' id='word_1_623' title='bbox 1722 1498 1839 1550; x_wconf 91' lang='grc' dir='ltr'>ρας,</span> <span class='ocrx_word' id='word_1_624' title='bbox 1862 1485 1953 1535; x_wconf 83' lang='grc' dir='ltr'>καὶ</span> <span class='ocrx_word' id='word_1_625' title='bbox 1977 1483 2076 1553; x_wconf 81' lang='grc' dir='ltr'>τὴν</span> <span class='ocrx_word' id='word_1_626' title='bbox 2093 1484 2259 1552; x_wconf 83' lang='grc' dir='ltr'>ἄλλην</span> <span class='ocrx_word' id='word_1_627' title='bbox 2283 1486 2500 1538; x_wconf 80' lang='grc' dir='ltr'>ἃπασαν</span> <span class='ocrx_word' id='word_1_628' title='bbox 2518 1485 2776 1555; x_wconf 87' lang='grc' dir='ltr'>εὐπορίαν</span> <span class='ocrx_word' id='word_1_629' title='bbox 2792 1486 2982 1549; x_wconf 86' lang='grc' dir='ltr'>αὐταῖς</span> <span class='ocrx_word' id='word_1_630' title='bbox 3008 1490 3285 1557; x_wconf 89' lang='grc' dir='ltr'>παρεῖχεν.</span> 
     </span>
    </p>
   </div>
   <div class='ocr_carea' id='block_1_83' title="bbox 1732 1564 3289 1637">
    <p class='ocr_par' dir='ltr' id='par_1_83' title="bbox 1732 1564 3289 1637">
     <span class='ocr_line' id='line_1_83' title="bbox 1732 1564 3289 1637; baseline 0.003 -22"><span class='ocrx_word' id='word_1_631' title='bbox 1732 1564 1977 1630; x_wconf 79' lang='grc' dir='ltr'>Ἐγένετο</span> <span class='ocrx_word' id='word_1_632' title='bbox 2006 1565 2063 1619; x_wconf 89' lang='grc' dir='ltr'>δέ</span> <span class='ocrx_word' id='word_1_633' title='bbox 2116 1566 2491 1637; x_wconf 84' lang='grc' dir='ltr'>ἀσθενήσασαν</span> <span class='ocrx_word' id='word_1_634' title='bbox 2542 1568 2709 1636; x_wconf 79' lang='grc' dir='ltr'>αὐτὴν</span> <span class='ocrx_word' id='word_1_635' title='bbox 2744 1567 3053 1621; x_wconf 86' lang='grc' dir='ltr'>ἀποθανεῖν.</span> <span class='ocrx_word' id='word_1_636' title='bbox 3132 1568 3289 1621; x_wconf 83' lang='grc' dir='ltr'>’Λλλά</span> 
     </span>
    </p>
   </div>
   <div class='ocr_carea' id='block_1_84' title="bbox 1721 1645 3290 1723">
    <p class='ocr_par' dir='ltr' id='par_1_84' title="bbox 1721 1645 3290 1723">
     <span class='ocr_line' id='line_1_84' title="bbox 1721 1645 3290 1723; baseline 0.004 -26"><span class='ocrx_word' id='word_1_637' title='bbox 1721 1645 1883 1716; x_wconf 82' lang='grc' dir='ltr'>βλέπε</span> <span class='ocrx_word' id='word_1_638' title='bbox 1910 1664 1999 1716; x_wconf 89' lang='grc' dir='ltr'>μοι</span> <span class='ocrx_word' id='word_1_639' title='bbox 2046 1648 2300 1713; x_wconf 87' lang='grc' dir='ltr'>ἐνταῦθα,</span> <span class='ocrx_word' id='word_1_640' title='bbox 2341 1650 2609 1719; x_wconf 88' lang='grc' dir='ltr'>ἀγαπητέ,</span> <span class='ocrx_word' id='word_1_641' title='bbox 2636 1651 2751 1712; x_wconf 89' lang='grc' dir='ltr'>πῶς</span> <span class='ocrx_word' id='word_1_642' title='bbox 2779 1652 2834 1703; x_wconf 86' lang='grc' dir='ltr'>αἰ</span> <span class='ocrx_word' id='word_1_643' title='bbox 2866 1650 2964 1719; x_wconf 82' lang='lat'><strong>1?};</strong></span> <span class='ocrx_word' id='word_1_644' title='bbox 2996 1650 3290 1723; x_wconf 86' lang='grc' dir='ltr'>θεραπείας</span> 
     </span>
    </p>
   </div>
   <div class='ocr_carea' id='block_1_85' title="bbox 1719 1729 3289 1803">
    <p class='ocr_par' dir='ltr' id='par_1_85' title="bbox 1719 1729 3289 1803">
     <span class='ocr_line' id='line_1_85' title="bbox 1719 1729 3289 1803; baseline 0.003 -20"><span class='ocrx_word' id='word_1_645' title='bbox 1719 1729 2109 1795; x_wconf 83' lang='grc' dir='ltr'>ἀπολαύουσαι,</span> <span class='ocrx_word' id='word_1_646' title='bbox 2143 1732 2236 1783; x_wconf 71' lang='grc' dir='ltr'>καί¹</span> <span class='ocrx_word' id='word_1_647' title='bbox 2258 1732 2327 1783; x_wconf 76' lang='grc' dir='ltr'>τὰ</span> <span class='ocrx_word' id='word_1_648' title='bbox 2353 1731 2578 1800; x_wconf 86' lang='grc' dir='ltr'>σώματα</span> <span class='ocrx_word' id='word_1_649' title='bbox 2613 1732 2947 1802; x_wconf 87' lang='grc' dir='ltr'>σκεπόμεναι</span> <span class='ocrx_word' id='word_1_650' title='bbox 2976 1734 3071 1787; x_wconf 86' lang='grc' dir='ltr'>ἀπ’</span> <span class='ocrx_word' id='word_1_651' title='bbox 3097 1735 3289 1803; x_wconf 78' lang='grc' dir='ltr'>αὐτῆς,</span> 
     </span>
    </p>
   </div>
   <div class='ocr_carea' id='block_1_86' title="bbox 1721 1812 3290 1885">
    <p class='ocr_par' dir='ltr' id='par_1_86' title="bbox 1721 1812 3290 1885">
     <span class='ocr_line' id='line_1_86' title="bbox 1721 1812 3290 1885; baseline 0.003 -22"><span class='ocrx_word' id='word_1_652' title='bbox 1721 1812 1779 1863; x_wconf 91' lang='grc' dir='ltr'>ἐν</span> <span class='ocrx_word' id='word_1_653' title='bbox 1805 1812 1978 1882; x_wconf 82' lang='grc' dir='ltr'>καιρῷ</span> <span class='ocrx_word' id='word_1_654' title='bbox 2000 1813 2096 1883; x_wconf 80' lang='grc' dir='ltr'>τὴν</span> <span class='ocrx_word' id='word_1_655' title='bbox 2121 1814 2397 1881; x_wconf 81' lang='grc' dir='ltr'>εὐεργέτιν</span> <span class='ocrx_word' id='word_1_656' title='bbox 2418 1814 2794 1883; x_wconf 87' lang='grc' dir='ltr'>ἀμειϐόμεναι,</span> <span class='ocrx_word' id='word_1_657' title='bbox 2818 1816 3178 1885; x_wconf 85' lang='grc' dir='ltr'>περιεστῶσαι</span> <span class='ocrx_word' id='word_1_658' title='bbox 3198 1816 3290 1867; x_wconf 80' lang='grc' dir='ltr'>τὸν</span> 
     </span>
    </p>
   </div>
   <div class='ocr_carea' id='block_1_87' title="bbox 1720 1894 3295 1966">
    <p class='ocr_par' dir='ltr' id='par_1_87' title="bbox 1720 1894 3295 1966">
     <span class='ocr_line' id='line_1_87' title="bbox 1720 1894 3295 1966; baseline 0.004 -20"><span class='ocrx_word' id='word_1_659' title='bbox 1720 1894 2036 1959; x_wconf 88' lang='grc' dir='ltr'>ἀπόστολον,</span> <span class='ocrx_word' id='word_1_660' title='bbox 2068 1896 2428 1959; x_wconf 81' lang='grc' dir='ltr'>ἐπεδείκνυον,</span> <span class='ocrx_word' id='word_1_661' title='bbox 2483 1896 2636 1966; x_wconf 78' lang='grc' dir='ltr'>φησὶ,</span> <span class='ocrx_word' id='word_1_662' title='bbox 2677 1896 2745 1950; x_wconf 75' lang='grc' dir='ltr'>τὰ</span> <span class='ocrx_word' id='word_1_663' title='bbox 2779 1899 2989 1966; x_wconf 72' lang='grc' dir='ltr'>ἱμάτια.</span> <span class='ocrx_word' id='word_1_664' title='bbox 3049 1899 3138 1952; x_wconf 78' lang='grc' dir='ltr'>καὶ</span> <span class='ocrx_word' id='word_1_665' title='bbox 3190 1899 3295 1952; x_wconf 80' lang='grc' dir='ltr'>ὅσα</span> 
     </span>
    </p>
   </div>
   <div class='ocr_carea' id='block_1_88' title="bbox 1722 1975 3291 2051">
    <p class='ocr_par' dir='ltr' id='par_1_88' title="bbox 1722 1975 3291 2051">
     <span class='ocr_line' id='line_1_88' title="bbox 1722 1975 3291 2051; baseline 0.004 -22"><span class='ocrx_word' id='word_1_666' title='bbox 1722 1977 1893 2030; x_wconf 88' lang='grc' dir='ltr'>ἐποίει</span> <span class='ocrx_word' id='word_1_667' title='bbox 1927 1979 2043 2047; x_wconf 76' lang='grc' dir='ltr'>μετ’</span> <span class='ocrx_word' id='word_1_668' title='bbox 2078 1978 2255 2033; x_wconf 88' lang='grc' dir='ltr'>αὐτῶν</span> <span class='ocrx_word' id='word_1_669' title='bbox 2293 1975 2428 2031; x_wconf 83' lang='grc' dir='ltr'>οὖσα</span> <span class='ocrx_word' id='word_1_670' title='bbox 2458 1982 2491 2049; x_wconf 81' lang='grc' dir='ltr'><strong>ἡ</strong></span> <span class='ocrx_word' id='word_1_671' title='bbox 2543 1980 2782 2050; x_wconf 76' lang='grc' dir='ltr'>Δορκὰς,</span> <span class='ocrx_word' id='word_1_672' title='bbox 2814 1983 2905 2035; x_wconf 78' lang='grc' dir='ltr'>καὶ</span> <span class='ocrx_word' id='word_1_673' title='bbox 2951 1982 3044 2050; x_wconf 82' lang='grc' dir='ltr'>τὴν</span> <span class='ocrx_word' id='word_1_674' title='bbox 3097 1982 3291 2051; x_wconf 70' lang='grc' dir='ltr'>τροφὸν</span> 
     </span>
    </p>
   </div>
   <div class='ocr_carea' id='block_1_89' title="bbox 1724 2059 3292 2132">
    <p class='ocr_par' dir='ltr' id='par_1_89' title="bbox 1724 2059 3292 2132">
     <span class='ocr_line' id='line_1_89' title="bbox 1724 2059 3292 2132; baseline 0.002 -19"><span class='ocrx_word' id='word_1_675' title='bbox 1724 2059 2038 2131; x_wconf 59' lang='grc' dir='ltr'>ἐπεζήτουν,</span> <span class='ocrx_word' id='word_1_676' title='bbox 2067 2060 2160 2113; x_wconf 72' lang='grc' dir='ltr'>καὶ</span> <span class='ocrx_word' id='word_1_677' title='bbox 2182 2061 2388 2131; x_wconf 88' lang='grc' dir='ltr'>δάκρυα</span> <span class='ocrx_word' id='word_1_678' title='bbox 2416 2061 2543 2123; x_wconf 77' lang='grc' dir='ltr'>ἴσως</span> <span class='ocrx_word' id='word_1_679' title='bbox 2567 2063 2876 2132; x_wconf 87' lang='grc' dir='ltr'>προσέχεον,</span> <span class='ocrx_word' id='word_1_680' title='bbox 2906 2065 2999 2116; x_wconf 76' lang='grc' dir='ltr'>καὶ</span> <span class='ocrx_word' id='word_1_681' title='bbox 3025 2065 3102 2125; x_wconf 85' lang='grc' dir='ltr'>είς</span> <span class='ocrx_word' id='word_1_682' title='bbox 3125 2064 3292 2117; x_wconf 77' lang='grc' dir='ltr'>πολὺν</span> 
     </span>
    </p>
   </div>
   <div class='ocr_carea' id='block_1_90' title="bbox 1722 2138 3293 2215">
    <p class='ocr_par' dir='ltr' id='par_1_90' title="bbox 1722 2138 3293 2215">
     <span class='ocr_line' id='line_1_90' title="bbox 1722 2138 3293 2215; baseline 0.003 -20"><span class='ocrx_word' id='word_1_683' title='bbox 1722 2138 1900 2195; x_wconf 78' lang='grc' dir='ltr'>οἶκτον</span> <span class='ocrx_word' id='word_1_684' title='bbox 1929 2143 2017 2195; x_wconf 79' lang='grc' dir='ltr'>τὸν</span> <span class='ocrx_word' id='word_1_685' title='bbox 2053 2142 2369 2195; x_wconf 85' lang='grc' dir='ltr'>Ἀπόστολον</span> <span class='ocrx_word' id='word_1_686' title='bbox 2395 2144 2724 2211; x_wconf 81' lang='grc' dir='ltr'>ἐφείλκοντο.</span> <span class='ocrx_word' id='word_1_687' title='bbox 2757 2146 2820 2197; x_wconf 90' lang='grc' dir='ltr'>Τί</span> <span class='ocrx_word' id='word_1_688' title='bbox 2846 2142 2937 2198; x_wconf 83' lang='grc' dir='ltr'>οῦν</span> <span class='ocrx_word' id='word_1_689' title='bbox 2968 2149 2996 2198; x_wconf 94' lang='lat'>0</span> <span class='ocrx_word' id='word_1_690' title='bbox 3026 2147 3293 2215; x_wconf 84' lang='grc' dir='ltr'>μακάριος</span> 
     </span>
    </p>
   </div>
   <div class='ocr_carea' id='block_1_91' title="bbox 1725 2226 3292 2297">
    <p class='ocr_par' dir='ltr' id='par_1_91' title="bbox 1725 2226 3292 2297">
     <span class='ocr_line' id='line_1_91' title="bbox 1725 2226 3292 2297; baseline 0.002 -17"><span class='ocrx_word' id='word_1_691' title='bbox 1725 2226 1963 2296; x_wconf 87' lang='grc' dir='ltr'>Πέτρος;</span> <span class='ocrx_word' id='word_1_692' title='bbox 2018 2226 2093 2279; x_wconf 84' lang='grc' dir='ltr'>Τὰ</span> <span class='ocrx_word' id='word_1_693' title='bbox 2124 2227 2345 2297; x_wconf 75' lang='grc' dir='ltr'>γόνατα</span> <span class='ocrx_word' id='word_1_694' title='bbox 2378 2228 2519 2292; x_wconf 78' lang='grc' dir='ltr'>θείς,</span> <span class='ocrx_word' id='word_1_695' title='bbox 2563 2228 2715 2295; x_wconf 81' lang='grc' dir='ltr'>φησὶ,</span> <span class='ocrx_word' id='word_1_696' title='bbox 2750 2230 3155 2296; x_wconf 77' lang='grc' dir='ltr'>προσηύξατο,</span> <span class='ocrx_word' id='word_1_697' title='bbox 3192 2233 3292 2285; x_wconf 81' lang='grc' dir='ltr'>καί</span> 
     </span>
    </p>
   </div>
   <div class='ocr_carea' id='block_1_92' title="bbox 1722 2311 3296 2381">
    <p class='ocr_par' dir='ltr' id='par_1_92' title="bbox 1722 2311 3296 2381">
     <span class='ocr_line' id='line_1_92' title="bbox 1722 2311 3296 2381; baseline 0.004 -16"><span class='ocrx_word' id='word_1_698' title='bbox 1722 2312 2090 2379; x_wconf 71' lang='grc' dir='ltr'>ἐπιστρέψας</span> <span class='ocrx_word' id='word_1_699' title='bbox 2126 2311 2275 2378; x_wconf 80' lang='grc' dir='ltr'>πρὸς</span> <span class='ocrx_word' id='word_1_700' title='bbox 2324 2312 2391 2365; x_wconf 79' lang='grc' dir='ltr'>τὸ</span> <span class='ocrx_word' id='word_1_701' title='bbox 2419 2311 2590 2381; x_wconf 84' lang='grc' dir='ltr'>σῶμα</span> <span class='ocrx_word' id='word_1_702' title='bbox 2609 2352 2623 2375; x_wconf 91' lang='grc'>,</span> <span class='ocrx_word' id='word_1_703' title='bbox 2655 2311 2783 2368; x_wconf 76' lang='grc' dir='ltr'>εἶπε</span> <span class='ocrx_word' id='word_1_704' title='bbox 2807 2332 2820 2345; x_wconf 88' lang='grc'><strong>·</strong></span> <span class='ocrx_word' id='word_1_705' title='bbox 2860 2317 3069 2370; x_wconf 79' lang='grc' dir='ltr'>Ταόιθὰ</span> <span class='ocrx_word' id='word_1_706' title='bbox 3090 2357 3104 2380; x_wconf 88' lang='grc'>,</span> <span class='ocrx_word' id='word_1_707' title='bbox 3148 2317 3296 2371; x_wconf 80' lang='grc' dir='ltr'>ἀνά-</span> 
     </span>
    </p>
   </div>
   <div class='ocr_carea' id='block_1_93' title="bbox 1724 2393 3298 2468">
    <p class='ocr_par' dir='ltr' id='par_1_93' title="bbox 1724 2393 3298 2468">
     <span class='ocr_line' id='line_1_93' title="bbox 1724 2393 3298 2468; baseline 0.004 -20"><span class='ocrx_word' id='word_1_708' title='bbox 1724 2399 1921 2461; x_wconf 83' lang='grc' dir='ltr'>στηθι.</span> <span class='ocrx_word' id='word_1_709' title='bbox 1970 2395 2029 2449; x_wconf 82' lang='grc' dir='ltr'><em>Ἡ</em></span> <span class='ocrx_word' id='word_1_710' title='bbox 2053 2394 2120 2446; x_wconf 82' lang='grc' dir='ltr'>δὲ</span> <span class='ocrx_word' id='word_1_711' title='bbox 2142 2393 2346 2461; x_wconf 77' lang='grc' dir='ltr'>ἤνοιξε</span> <span class='ocrx_word' id='word_1_712' title='bbox 2380 2396 2521 2461; x_wconf 85' lang='grc' dir='ltr'>τοὺς</span> <span class='ocrx_word' id='word_1_713' title='bbox 2565 2399 2905 2467; x_wconf 65' lang='grc' dir='ltr'>ὀφθαλμοὺς</span> <span class='ocrx_word' id='word_1_714' title='bbox 2947 2400 3159 2468; x_wconf 80' lang='grc' dir='ltr'>αὐτῆς,</span> <span class='ocrx_word' id='word_1_715' title='bbox 3198 2402 3298 2454; x_wconf 67' lang='grc' dir='ltr'>καὶ</span> 
     </span>
    </p>
   </div>
   <div class='ocr_carea' id='block_1_94' title="bbox 1728 2476 3297 2551">
    <p class='ocr_par' dir='ltr' id='par_1_94' title="bbox 1728 2476 3297 2551">
     <span class='ocr_line' id='line_1_94' title="bbox 1728 2476 3297 2551; baseline 0.004 -20"><span class='ocrx_word' id='word_1_716' title='bbox 1728 2476 1941 2531; x_wconf 81' lang='grc' dir='ltr'>ίδοῦσα</span> <span class='ocrx_word' id='word_1_717' title='bbox 1985 2476 2092 2530; x_wconf 80' lang='grc' dir='ltr'>τὸν</span> <span class='ocrx_word' id='word_1_718' title='bbox 2136 2478 2394 2545; x_wconf 79' lang='grc' dir='ltr'>Πέτρον,</span> <span class='ocrx_word' id='word_1_719' title='bbox 2431 2479 2770 2534; x_wconf 79' lang='grc' dir='ltr'>ἀνεκάθισε.</span> <span class='ocrx_word' id='word_1_720' title='bbox 2827 2482 2974 2545; x_wconf 85' lang='grc' dir='ltr'>Δοὺς</span> <span class='ocrx_word' id='word_1_721' title='bbox 3031 2483 3099 2536; x_wconf 81' lang='grc' dir='ltr'>δὲ</span> <span class='ocrx_word' id='word_1_722' title='bbox 3141 2484 3297 2551; x_wconf 72' lang='grc' dir='ltr'>αὐτῇ</span> 
     </span>
    </p>
   </div>
   <div class='ocr_carea' id='block_1_95' title="bbox 1726 2559 3299 2634">
    <p class='ocr_par' dir='ltr' id='par_1_95' title="bbox 1726 2559 3299 2634">
     <span class='ocr_line' id='line_1_95' title="bbox 1726 2559 3299 2634; baseline 0.004 -21"><span class='ocrx_word' id='word_1_723' title='bbox 1726 2559 1913 2629; x_wconf 75' lang='grc' dir='ltr'>χεῖρα,</span> <span class='ocrx_word' id='word_1_724' title='bbox 1925 2560 2266 2626; x_wconf 82' lang='grc' dir='ltr'>ἀνέστησεν</span> <span class='ocrx_word' id='word_1_725' title='bbox 2279 2562 2492 2627; x_wconf 78' lang='grc' dir='ltr'>αὐτὴν,</span> <span class='ocrx_word' id='word_1_726' title='bbox 2510 2561 2607 2615; x_wconf 82' lang='grc' dir='ltr'>καὶ</span> <span class='ocrx_word' id='word_1_727' title='bbox 2624 2563 2915 2631; x_wconf 75' lang='grc' dir='ltr'>φωνήσας</span> <span class='ocrx_word' id='word_1_728' title='bbox 2934 2565 3075 2630; x_wconf 83' lang='grc' dir='ltr'>τοὺς</span> <span class='ocrx_word' id='word_1_729' title='bbox 3089 2567 3299 2634; x_wconf 77' lang='grc' dir='ltr'>ἁγίους</span> 
     </span>
    </p>
   </div>
   <div class='ocr_carea' id='block_1_96' title="bbox 1726 2640 3298 2712">
    <p class='ocr_par' dir='ltr' id='par_1_96' title="bbox 1726 2640 3298 2712">
     <span class='ocr_line' id='line_1_96' title="bbox 1726 2640 3298 2712; baseline 0.003 -17"><span class='ocrx_word' id='word_1_730' title='bbox 1726 2642 1827 2695; x_wconf 76' lang='grc' dir='ltr'>καὶ</span> <span class='ocrx_word' id='word_1_731' title='bbox 1857 2640 1965 2708; x_wconf 88' lang='grc' dir='ltr'>τὰς</span> <span class='ocrx_word' id='word_1_732' title='bbox 1996 2642 2206 2710; x_wconf 84' lang='grc' dir='ltr'>χήρας,</span> <span class='ocrx_word' id='word_1_733' title='bbox 2235 2642 2622 2711; x_wconf 80' lang='grc' dir='ltr'>παρέστησεν</span> <span class='ocrx_word' id='word_1_734' title='bbox 2651 2646 2849 2712; x_wconf 81' lang='grc' dir='ltr'>αὐτὴν</span> <span class='ocrx_word' id='word_1_735' title='bbox 2881 2644 3093 2705; x_wconf 76' lang='grc' dir='ltr'>ζῶσαν.</span> <span class='ocrx_word' id='word_1_736' title='bbox 3145 2643 3298 2710; x_wconf 82' lang='grc' dir='ltr'>Εἶδες</span> 
     </span>
    </p>
   </div>
   <div class='ocr_carea' id='block_1_97' title="bbox 1726 2723 3300 2799">
    <p class='ocr_par' dir='ltr' id='par_1_97' title="bbox 1726 2723 3300 2799">
     <span class='ocr_line' id='line_1_97' title="bbox 1726 2723 3300 2799; baseline 0.002 -21"><span class='ocrx_word' id='word_1_737' title='bbox 1726 2724 1951 2793; x_wconf 87' lang='grc' dir='ltr'>δύναμιν</span> <span class='ocrx_word' id='word_1_738' title='bbox 1987 2723 2081 2777; x_wconf 87' lang='grc' dir='ltr'>τοῦ</span> <span class='ocrx_word' id='word_1_739' title='bbox 2142 2724 2463 2789; x_wconf 85' lang='grc' dir='ltr'>ἀποστόλου,</span> <span class='ocrx_word' id='word_1_740' title='bbox 2501 2726 2698 2795; x_wconf 80' lang='grc' dir='ltr'>μᾶλλον</span> <span class='ocrx_word' id='word_1_741' title='bbox 2720 2727 2778 2779; x_wconf 81' lang='grc' dir='ltr'>δὲ</span> <span class='ocrx_word' id='word_1_742' title='bbox 2815 2727 2910 2781; x_wconf 88' lang='grc' dir='ltr'>τοῦ</span> <span class='ocrx_word' id='word_1_743' title='bbox 2952 2730 3300 2799; x_wconf 77' lang='grc' dir='ltr'>ἐνεργοῦντος</span> 
     </span>
    </p>
   </div>
   <div class='ocr_carea' id='block_1_98' title="bbox 1728 2802 3298 2883">
    <p class='ocr_par' dir='ltr' id='par_1_98' title="bbox 1728 2802 3298 2883">
     <span class='ocr_line' id='line_1_98' title="bbox 1728 2802 3298 2883; baseline 0.004 -24"><span class='ocrx_word' id='word_1_744' title='bbox 1728 2808 1787 2859; x_wconf 87' lang='grc' dir='ltr'>ἐν</span> <span class='ocrx_word' id='word_1_745' title='bbox 1808 2805 1955 2876; x_wconf 85' lang='grc' dir='ltr'>αὐτῷ</span> <span class='ocrx_word' id='word_1_746' title='bbox 2001 2806 2306 2869; x_wconf 79' lang='grc' dir='ltr'>Δεσπότους</span> <span class='ocrx_word' id='word_1_747' title='bbox 2348 2802 2485 2870; x_wconf 84' lang='grc' dir='ltr'>εἶδες</span> <span class='ocrx_word' id='word_1_748' title='bbox 2512 2809 2611 2876; x_wconf 84' lang='grc' dir='ltr'>ὅση</span> <span class='ocrx_word' id='word_1_749' title='bbox 2645 2808 2744 2878; x_wconf 83' lang='lat'><strong>1?};</strong></span> <span class='ocrx_word' id='word_1_750' title='bbox 2772 2812 2967 2872; x_wconf 80' lang='grc' dir='ltr'>εἰςτὰς</span> <span class='ocrx_word' id='word_1_751' title='bbox 3000 2813 3173 2883; x_wconf 86' lang='grc' dir='ltr'>χήρας</span> <span class='ocrx_word' id='word_1_752' title='bbox 3205 2812 3298 2864; x_wconf 83' lang='grc' dir='ltr'>εὐ-</span> 
     </span>
    </p>
   </div>
   <div class='ocr_carea' id='block_1_99' title="bbox 1729 2888 3302 2963">
    <p class='ocr_par' dir='ltr' id='par_1_99' title="bbox 1729 2888 3302 2963">
     <span class='ocr_line' id='line_1_99' title="bbox 1729 2888 3302 2963; baseline 0.003 -22"><span class='ocrx_word' id='word_1_753' title='bbox 1729 2889 1909 2951; x_wconf 90' lang='grc' dir='ltr'>ποιίας</span> <span class='ocrx_word' id='word_1_754' title='bbox 1960 2888 2162 2958; x_wconf 86' lang='grc' dir='ltr'>ἀμοιϐὴ</span> <span class='ocrx_word' id='word_1_755' title='bbox 2190 2890 2283 2941; x_wconf 78' lang='grc' dir='ltr'>καὶ</span> <span class='ocrx_word' id='word_1_756' title='bbox 2316 2890 2373 2942; x_wconf 91' lang='grc' dir='ltr'>ἐν</span> <span class='ocrx_word' id='word_1_757' title='bbox 2402 2889 2480 2959; x_wconf 83' lang='grc' dir='ltr'>τῷ</span> <span class='ocrx_word' id='word_1_758' title='bbox 2520 2890 2745 2961; x_wconf 88' lang='grc' dir='ltr'>παρόντι</span> <span class='ocrx_word' id='word_1_759' title='bbox 2775 2894 2950 2963; x_wconf 84' lang='grc' dir='ltr'>καιρῷ</span> <span class='ocrx_word' id='word_1_760' title='bbox 2978 2896 3198 2961; x_wconf 86' lang='grc' dir='ltr'>γέγονε;</span> <span class='ocrx_word' id='word_1_761' title='bbox 3234 2894 3302 2945; x_wconf 89' lang='grc' dir='ltr'>Τί</span> 
     </span>
    </p>
   </div>
   <div class='ocr_carea' id='block_1_100' title="bbox 1730 2970 3311 3047">
    <p class='ocr_par' dir='ltr' id='par_1_100' title="bbox 1730 2970 3311 3047">
     <span class='ocr_line' id='line_1_100' title="bbox 1730 2970 3311 3047; baseline 0.003 -22"><span class='ocrx_word' id='word_1_762' title='bbox 1730 2972 1839 3042; x_wconf 85' lang='grc' dir='ltr'>γὰρ</span> <span class='ocrx_word' id='word_1_763' title='bbox 1863 2970 2136 3035; x_wconf 85' lang='grc' dir='ltr'>τοσοῦτον,</span> <span class='ocrx_word' id='word_1_764' title='bbox 2170 2973 2290 3024; x_wconf 89' lang='grc' dir='ltr'>εἰπέ</span> <span class='ocrx_word' id='word_1_765' title='bbox 2318 2989 2429 3041; x_wconf 90' lang='grc' dir='ltr'>μοι,</span> <span class='ocrx_word' id='word_1_766' title='bbox 2458 2973 2731 3043; x_wconf 85' lang='grc' dir='ltr'>παρέσχεν</span> <span class='ocrx_word' id='word_1_767' title='bbox 2755 2974 2893 3044; x_wconf 89' lang='grc' dir='ltr'>αῦτη</span> <span class='ocrx_word' id='word_1_768' title='bbox 2924 2979 3045 3039; x_wconf 91' lang='grc' dir='ltr'>ταῖς</span> <span class='ocrx_word' id='word_1_769' title='bbox 3082 2978 3311 3047; x_wconf 55' lang='grc' dir='ltr'>χήραις,</span> 
     </span>
    </p>
   </div>
   <div class='ocr_carea' id='block_1_101' title="bbox 1729 3050 3306 3128">
    <p class='ocr_par' dir='ltr' id='par_1_101' title="bbox 1729 3050 3306 3128">
     <span class='ocr_line' id='line_1_101' title="bbox 1729 3050 3306 3128; baseline 0.002 -19"><span class='ocrx_word' id='word_1_770' title='bbox 1729 3057 1851 3109; x_wconf 82' lang='grc' dir='ltr'>ὅσον</span> <span class='ocrx_word' id='word_1_771' title='bbox 1886 3050 2044 3108; x_wconf 72' lang='grc' dir='ltr'>αὗται</span> <span class='ocrx_word' id='word_1_772' title='bbox 2069 3055 2237 3125; x_wconf 83' lang='grc' dir='ltr'>αὐτὴν</span> <span class='ocrx_word' id='word_1_773' title='bbox 2280 3056 2618 3124; x_wconf 73' lang='grc' dir='ltr'>ὴμείψαντος</span> <span class='ocrx_word' id='word_1_774' title='bbox 2663 3057 2877 3125; x_wconf 82' lang='grc' dir='ltr'>ἰμάτια</span> <span class='ocrx_word' id='word_1_775' title='bbox 2922 3058 3165 3128; x_wconf 86' lang='grc' dir='ltr'>παρέσχε</span> <span class='ocrx_word' id='word_1_776' title='bbox 3209 3061 3306 3117; x_wconf 72' lang='grc' dir='ltr'>καὶ</span> 
     </span>
    </p>
   </div>
   <div class='ocr_carea' id='block_1_102' title="bbox 1729 3134 3306 3211">
    <p class='ocr_par' dir='ltr' id='par_1_102' title="bbox 1729 3134 3306 3211">
     <span class='ocr_line' id='line_1_102' title="bbox 1729 3134 3306 3211; baseline 0.003 -22"><span class='ocrx_word' id='word_1_777' title='bbox 1729 3136 1935 3208; x_wconf 85' lang='grc' dir='ltr'>τροφὰς</span> <span class='ocrx_word' id='word_1_778' title='bbox 1964 3137 2174 3199; x_wconf 85' lang='grc' dir='ltr'>αὐταῖς,</span> <span class='ocrx_word' id='word_1_779' title='bbox 2211 3136 2322 3191; x_wconf 85' lang='grc' dir='ltr'>ἀλλ’</span> <span class='ocrx_word' id='word_1_780' title='bbox 2340 3134 2500 3193; x_wconf 73' lang='grc' dir='ltr'>αὗται</span> <span class='ocrx_word' id='word_1_781' title='bbox 2519 3140 2651 3209; x_wconf 85' lang='grc' dir='ltr'>πρὸς</span> <span class='ocrx_word' id='word_1_782' title='bbox 2676 3139 2820 3210; x_wconf 76' lang='grc' dir='ltr'>ζωὴν</span> <span class='ocrx_word' id='word_1_783' title='bbox 2854 3140 3021 3211; x_wconf 85' lang='grc' dir='ltr'>αὐτὴν</span> <span class='ocrx_word' id='word_1_784' title='bbox 3038 3143 3306 3211; x_wconf 85' lang='grc' dir='ltr'>ἐπανήγα-</span> 
     </span>
    </p>
   </div>
   <div class='ocr_carea' id='block_1_103' title="bbox 1731 3221 3303 3298">
    <p class='ocr_par' dir='ltr' id='par_1_103' title="bbox 1731 3221 3303 3298">
     <span class='ocr_line' id='line_1_103' title="bbox 1731 3221 3303 3298; baseline 0.003 -23"><span class='ocrx_word' id='word_1_785' title='bbox 1731 3238 1848 3291; x_wconf 91' lang='grc' dir='ltr'>γον,</span> <span class='ocrx_word' id='word_1_786' title='bbox 1872 3221 2077 3275; x_wconf 77' lang='grc' dir='ltr'>καὶτὸν</span> <span class='ocrx_word' id='word_1_787' title='bbox 2098 3221 2327 3275; x_wconf 84' lang='grc' dir='ltr'>θάνατον</span> <span class='ocrx_word' id='word_1_788' title='bbox 2346 3221 2406 3286; x_wconf 81' lang='grc' dir='ltr'>ἐξ</span> <span class='ocrx_word' id='word_1_789' title='bbox 2431 3223 2601 3291; x_wconf 78' lang='grc' dir='ltr'>αὐτῆς</span> <span class='ocrx_word' id='word_1_790' title='bbox 2616 3224 2717 3294; x_wconf 85' lang='grc' dir='ltr'>δρα</span> <span class='ocrx_word' id='word_1_791' title='bbox 2727 3225 2981 3280; x_wconf 88' lang='grc' dir='ltr'>πετεῦσαι</span> <span class='ocrx_word' id='word_1_792' title='bbox 3010 3226 3269 3298; x_wconf 86' lang='grc' dir='ltr'>ἐποίησαν</span> <span class='ocrx_word' id='word_1_793' title='bbox 3288 3243 3303 3256; x_wconf 89' lang='grc'><strong>·</strong></span> 
     </span>
    </p>
   </div>
   <div class='ocr_carea' id='block_1_104' title="bbox 1737 3298 3309 3380">
    <p class='ocr_par' dir='ltr' id='par_1_104' title="bbox 1737 3298 3309 3380">
     <span class='ocr_line' id='line_1_104' title="bbox 1737 3298 3309 3380; baseline 0.003 -22"><span class='ocrx_word' id='word_1_794' title='bbox 1737 3304 1935 3375; x_wconf 79' lang='grc' dir='ltr'>μᾶλλον</span> <span class='ocrx_word' id='word_1_795' title='bbox 1964 3305 2021 3358; x_wconf 86' lang='grc' dir='ltr'>δέ</span> <span class='ocrx_word' id='word_1_796' title='bbox 2047 3304 2143 3373; x_wconf 86' lang='grc' dir='ltr'>οὐχ</span> <span class='ocrx_word' id='word_1_797' title='bbox 2171 3298 2354 3367; x_wconf 78' lang='grc' dir='ltr'>αὗται,</span> <span class='ocrx_word' id='word_1_798' title='bbox 2384 3305 2520 3358; x_wconf 78' lang='grc' dir='ltr'>ἀλλὰ</span> <span class='ocrx_word' id='word_1_799' title='bbox 2542 3306 2630 3359; x_wconf 69' lang='grc' dir='ltr'>διὰ</span> <span class='ocrx_word' id='word_1_800' title='bbox 2659 3310 2757 3378; x_wconf 79' lang='grc' dir='ltr'>τὴν</span> <span class='ocrx_word' id='word_1_801' title='bbox 2802 3311 2880 3372; x_wconf 84' lang='grc' dir='ltr'>εἰς</span> <span class='ocrx_word' id='word_1_802' title='bbox 2910 3309 3111 3372; x_wconf 86' lang='grc' dir='ltr'>ταύτας</span> <span class='ocrx_word' id='word_1_803' title='bbox 3149 3311 3309 3380; x_wconf 83' lang='grc' dir='ltr'>θερα-</span> 
     </span>
    </p>
   </div>
   <div class='ocr_carea' id='block_1_105' title="bbox 1736 3386 3312 3461">
    <p class='ocr_par' dir='ltr' id='par_1_105' title="bbox 1736 3386 3312 3461">
     <span class='ocr_line' id='line_1_105' title="bbox 1736 3386 3312 3461; baseline 0.004 -22"><span class='ocrx_word' id='word_1_804' title='bbox 1736 3386 1892 3440; x_wconf 89' lang='grc' dir='ltr'>πείαν</span> <span class='ocrx_word' id='word_1_805' title='bbox 1920 3389 1949 3440; x_wconf 86' lang='grc' dir='ltr'>ό</span> <span class='ocrx_word' id='word_1_806' title='bbox 1976 3386 2359 3456; x_wconf 85' lang='grc' dir='ltr'>φιλάνθρωπος</span> <span class='ocrx_word' id='word_1_807' title='bbox 2380 3390 2412 3456; x_wconf 84' lang='grc' dir='ltr'>ή</span> <span class='ocrx_word' id='word_1_808' title='bbox 2423 3388 2539 3457; x_wconf 90' lang='grc' dir='ltr'>μῶν</span> <span class='ocrx_word' id='word_1_809' title='bbox 2573 3392 2867 3459; x_wconf 87' lang='grc' dir='ltr'>Δεσπότης.</span> <span class='ocrx_word' id='word_1_810' title='bbox 2898 3391 3077 3443; x_wconf 83' lang='grc' dir='ltr'>Εῐδετε</span> <span class='ocrx_word' id='word_1_811' title='bbox 3096 3391 3312 3461; x_wconf 68' lang='grc' dir='ltr'>φαρμάο</span> 
     </span>
    </p>
   </div>
   <div class='ocr_carea' id='block_1_106' title="bbox 1736 3470 3308 3539">
    <p class='ocr_par' dir='ltr' id='par_1_106' title="bbox 1736 3470 3308 3539">
     <span class='ocr_line' id='line_1_106' title="bbox 1736 3470 3308 3539; baseline 0.003 -17"><span class='ocrx_word' id='word_1_812' title='bbox 1736 3487 1833 3523; x_wconf 86' lang='grc' dir='ltr'>κου</span> <span class='ocrx_word' id='word_1_813' title='bbox 1868 3470 2119 3539; x_wconf 79' lang='grc' dir='ltr'>δύναμιν,</span> <span class='ocrx_word' id='word_1_814' title='bbox 2148 3470 2420 3539; x_wconf 83' lang='grc' dir='ltr'>ἀγαπητοί</span> <span class='ocrx_word' id='word_1_815' title='bbox 2444 3487 2458 3535; x_wconf 89' lang='lat'>;</span> <span class='ocrx_word' id='word_1_816' title='bbox 2482 3471 2651 3524; x_wconf 91' lang='lat' dir='ltr'><strong>T0610</strong></span> <span class='ocrx_word' id='word_1_817' title='bbox 2671 3473 2873 3536; x_wconf 84' lang='grc' dir='ltr'>πάντες</span> <span class='ocrx_word' id='word_1_818' title='bbox 2890 3476 3100 3537; x_wconf 76' lang='grc' dir='ltr'>ἑαυτοῖς</span> <span class='ocrx_word' id='word_1_819' title='bbox 3138 3492 3308 3527; x_wconf 85' lang='grc' dir='ltr'>κατα-</span> 
     </span>
    </p>
   </div>
   <div class='ocr_carea' id='block_1_107' title="bbox 1738 3551 3311 3624">
    <p class='ocr_par' dir='ltr' id='par_1_107' title="bbox 1738 3551 3311 3624">
     <span class='ocr_line' id='line_1_107' title="bbox 1738 3551 3311 3624; baseline 0.004 -20"><span class='ocrx_word' id='word_1_820' title='bbox 1738 3551 2127 3622; x_wconf 86' lang='grc' dir='ltr'>σκευάσωμεν·</span> <span class='ocrx_word' id='word_1_821' title='bbox 2184 3552 2305 3605; x_wconf 84' lang='grc' dir='ltr'>οὐδὲ</span> <span class='ocrx_word' id='word_1_822' title='bbox 2360 3553 2473 3623; x_wconf 87' lang='grc' dir='ltr'>γὰρ</span> <span class='ocrx_word' id='word_1_823' title='bbox 2524 3554 2812 3617; x_wconf 88' lang='grc' dir='ltr'>πολυτελές</span> <span class='ocrx_word' id='word_1_824' title='bbox 2865 3558 3002 3619; x_wconf 86' lang='grc' dir='ltr'>ἐστι,</span> <span class='ocrx_word' id='word_1_825' title='bbox 3036 3556 3311 3624; x_wconf 78' lang='grc' dir='ltr'>καίτοιγε</span> 
     </span>
    </p>
   </div>
   <div class='ocr_carea' id='block_1_108' title="bbox 1736 3634 3309 3707">
    <p class='ocr_par' dir='ltr' id='par_1_108' title="bbox 1736 3634 3309 3707">
     <span class='ocr_line' id='line_1_108' title="bbox 1736 3634 3309 3707; baseline 0.003 -22"><span class='ocrx_word' id='word_1_826' title='bbox 1736 3634 2004 3702; x_wconf 85' lang='grc' dir='ltr'>τοσαύτην</span> <span class='ocrx_word' id='word_1_827' title='bbox 2026 3635 2148 3703; x_wconf 82' lang='grc' dir='ltr'>ἐχον</span> <span class='ocrx_word' id='word_1_828' title='bbox 2178 3634 2277 3705; x_wconf 79' lang='grc' dir='ltr'>τὴν</span> <span class='ocrx_word' id='word_1_829' title='bbox 2297 3634 2545 3703; x_wconf 88' lang='grc' dir='ltr'>δύναμιν,</span> <span class='ocrx_word' id='word_1_830' title='bbox 2571 3635 2705 3689; x_wconf 88' lang='grc' dir='ltr'>ἀλλά</span> <span class='ocrx_word' id='word_1_831' title='bbox 2728 3637 2822 3688; x_wconf 74' lang='grc' dir='ltr'>καὶ</span> <span class='ocrx_word' id='word_1_832' title='bbox 2853 3637 3056 3707; x_wconf 86' lang='grc' dir='ltr'>σφόδρα</span> <span class='ocrx_word' id='word_1_833' title='bbox 3085 3637 3309 3702; x_wconf 81' lang='grc' dir='ltr'>εῦωνον,</span> 
     </span>
    </p>
   </div>
   <div class='ocr_carea' id='block_1_109' title="bbox 1739 3715 3313 3789">
    <p class='ocr_par' dir='ltr' id='par_1_109' title="bbox 1739 3715 3313 3789">
     <span class='ocr_line' id='line_1_109' title="bbox 1739 3715 3313 3789; baseline 0.001 -21"><span class='ocrx_word' id='word_1_834' title='bbox 1739 3717 1833 3768; x_wconf 78' lang='grc' dir='ltr'>καὶ</span> <span class='ocrx_word' id='word_1_835' title='bbox 1861 3715 1981 3769; x_wconf 73' lang='grc' dir='ltr'>οὔτε</span> <span class='ocrx_word' id='word_1_836' title='bbox 2017 3716 2263 3787; x_wconf 84' lang='grc' dir='ltr'>δαπάνης</span> <span class='ocrx_word' id='word_1_837' title='bbox 2284 3717 2453 3771; x_wconf 89' lang='grc' dir='ltr'>δεῖται</span> <span class='ocrx_word' id='word_1_838' title='bbox 2483 3718 2704 3788; x_wconf 83' lang='grc' dir='ltr'>πολλῆς.</span> <span class='ocrx_word' id='word_1_839' title='bbox 2725 3719 2799 3770; x_wconf 87' lang='grc' dir='ltr'>Τὸ</span> <span class='ocrx_word' id='word_1_840' title='bbox 2823 3719 2933 3789; x_wconf 76' lang='grc' dir='ltr'>γὰρ</span> <span class='ocrx_word' id='word_1_841' title='bbox 2956 3721 3056 3789; x_wconf 81' lang='grc' dir='ltr'>τῆς</span> <span class='ocrx_word' id='word_1_842' title='bbox 3086 3720 3313 3789; x_wconf 68' lang='grc' dir='ltr'>ἐλεημοφ</span> 
     </span>
    </p>
   </div>
   <div class='ocr_carea' id='block_1_110' title="bbox 1741 3796 3313 3870">
    <p class='ocr_par' dir='ltr' id='par_1_110' title="bbox 1741 3796 3313 3870">
     <span class='ocr_line' id='line_1_110' title="bbox 1741 3796 3313 3870; baseline 0.003 -21"><span class='ocrx_word' id='word_1_843' title='bbox 1741 3796 1905 3867; x_wconf 90' lang='grc' dir='ltr'>σύνης</span> <span class='ocrx_word' id='word_1_844' title='bbox 1941 3797 2167 3866; x_wconf 84' lang='grc' dir='ltr'>μέγεθος</span> <span class='ocrx_word' id='word_1_845' title='bbox 2196 3799 2294 3851; x_wconf 90' lang='grc' dir='ltr'>οὐκ</span> <span class='ocrx_word' id='word_1_846' title='bbox 2320 3800 2376 3850; x_wconf 87' lang='grc' dir='ltr'>ἐν</span> <span class='ocrx_word' id='word_1_847' title='bbox 2413 3800 2492 3869; x_wconf 81' lang='grc' dir='ltr'>τῷ</span> <span class='ocrx_word' id='word_1_848' title='bbox 2530 3800 2721 3870; x_wconf 88' lang='grc' dir='ltr'>πλήθει</span> <span class='ocrx_word' id='word_1_849' title='bbox 2745 3802 2854 3853; x_wconf 90' lang='grc' dir='ltr'>τῶν</span> <span class='ocrx_word' id='word_1_850' title='bbox 2873 3801 3169 3870; x_wconf 87' lang='grc' dir='ltr'>χρημάτων</span> <span class='ocrx_word' id='word_1_851' title='bbox 3194 3802 3313 3870; x_wconf 80' lang='grc' dir='ltr'>κρί-</span> 
     </span>
    </p>
   </div>
   <div class='ocr_carea' id='block_1_111' title="bbox 1739 3880 3333 3953">
    <p class='ocr_par' dir='ltr' id='par_1_111' title="bbox 1739 3880 3333 3953">
     <span class='ocr_line' id='line_1_111' title="bbox 1739 3880 3333 3953; baseline 0.001 -20"><span class='ocrx_word' id='word_1_852' title='bbox 1739 3896 1911 3941; x_wconf 86' lang='grc' dir='ltr'>νεται,</span> <span class='ocrx_word' id='word_1_853' title='bbox 1945 3880 2056 3932; x_wconf 82' lang='grc' dir='ltr'>ἀλλ’</span> <span class='ocrx_word' id='word_1_854' title='bbox 2087 3880 2143 3931; x_wconf 88' lang='grc' dir='ltr'>ἐν</span> <span class='ocrx_word' id='word_1_855' title='bbox 2170 3883 2234 3951; x_wconf 83' lang='grc' dir='ltr'>τῇ</span> <span class='ocrx_word' id='word_1_856' title='bbox 2266 3881 2547 3953; x_wconf 76' lang='grc' dir='ltr'>προθυμία</span> <span class='ocrx_word' id='word_1_857' title='bbox 2585 3882 2691 3935; x_wconf 88' lang='grc' dir='ltr'>τῶν</span> <span class='ocrx_word' id='word_1_858' title='bbox 2720 3882 2988 3936; x_wconf 86' lang='grc' dir='ltr'>διδόντων.</span> <span class='ocrx_word' id='word_1_859' title='bbox 3021 3884 3119 3937; x_wconf 83' lang='grc' dir='ltr'>Διά</span> <span class='ocrx_word' id='word_1_860' title='bbox 3156 3883 3333 3936; x_wconf 26' lang='grc' dir='ltr'>τοῦτο..</span> 
     </span>
    </p>
   </div>
   <div class='ocr_carea' id='block_1_112' title="bbox 1743 3962 3338 4035">
    <p class='ocr_par' dir='ltr' id='par_1_112' title="bbox 1743 3962 3338 4035">
     <span class='ocr_line' id='line_1_112' title="bbox 1743 3962 3338 4035; baseline 0.002 -19"><span class='ocrx_word' id='word_1_861' title='bbox 1743 3962 1835 4016; x_wconf 74' lang='grc' dir='ltr'>καί</span> <span class='ocrx_word' id='word_1_862' title='bbox 1856 3964 1884 4014; x_wconf 93' lang='lat'>0</span> <span class='ocrx_word' id='word_1_863' title='bbox 1917 3964 2172 4033; x_wconf 78' lang='grc' dir='ltr'>ποτήριον</span> <span class='ocrx_word' id='word_1_864' title='bbox 2199 3963 2409 4033; x_wconf 87' lang='grc' dir='ltr'>ψυχροῦ</span> <span class='ocrx_word' id='word_1_865' title='bbox 2441 3965 2565 4028; x_wconf 76' lang='grc' dir='ltr'>δοὺς</span> <span class='ocrx_word' id='word_1_866' title='bbox 2590 3965 2884 4029; x_wconf 85' lang='grc' dir='ltr'>ἀπόδεκτος</span> <span class='ocrx_word' id='word_1_867' title='bbox 2913 3966 3131 4033; x_wconf 68' lang='grc' dir='ltr'>γέγονε,</span> <span class='ocrx_word' id='word_1_868' title='bbox 3154 3968 3248 4019; x_wconf 81' lang='grc' dir='ltr'>καὶ</span> <span class='ocrx_word' id='word_1_869' title='bbox 3278 3968 3338 4035; x_wconf 27' lang='lat' dir='ltr'>hu</span> 
     </span>
    </p>
   </div>
   <div class='ocr_carea' id='block_1_113' title="bbox 1742 4043 3317 4118">
    <p class='ocr_par' dir='ltr' id='par_1_113' title="bbox 1742 4043 3317 4118">
     <span class='ocr_line' id='line_1_113' title="bbox 1742 4043 3317 4118; baseline 0.002 -21"><span class='ocrx_word' id='word_1_870' title='bbox 1742 4044 1811 4097; x_wconf 81' lang='grc' dir='ltr'>τὰ</span> <span class='ocrx_word' id='word_1_871' title='bbox 1838 4043 1930 4096; x_wconf 87' lang='grc' dir='ltr'>δύο</span> <span class='ocrx_word' id='word_1_872' title='bbox 1957 4044 2131 4097; x_wconf 84' lang='grc' dir='ltr'>λεπτὰ</span> <span class='ocrx_word' id='word_1_873' title='bbox 2160 4045 2563 4110; x_wconf 83' lang='grc' dir='ltr'>καταϐαλοῦσα,</span> <span class='ocrx_word' id='word_1_874' title='bbox 2600 4048 2685 4101; x_wconf 83' lang='grc' dir='ltr'>ἵνα</span> <span class='ocrx_word' id='word_1_875' title='bbox 2718 4048 2975 4118; x_wconf 78' lang='grc' dir='ltr'>μάθωμεν</span> <span class='ocrx_word' id='word_1_876' title='bbox 3000 4049 3080 4101; x_wconf 84' lang='grc' dir='ltr'>ὅτι</span> <span class='ocrx_word' id='word_1_877' title='bbox 3115 4066 3317 4101; x_wconf 87' lang='grc' dir='ltr'>παντα-</span> 
     </span>
    </p>
   </div>
   <div class='ocr_carea' id='block_1_114' title="bbox 1747 4128 3318 4200">
    <p class='ocr_par' dir='ltr' id='par_1_114' title="bbox 1747 4128 3318 4200">
     <span class='ocr_line' id='line_1_114' title="bbox 1747 4128 3318 4200; baseline 0.002 -20"><span class='ocrx_word' id='word_1_878' title='bbox 1747 4128 1840 4199; x_wconf 89' lang='grc' dir='ltr'>χοῦ</span> <span class='ocrx_word' id='word_1_879' title='bbox 1876 4128 2100 4199; x_wconf 86' lang='grc' dir='ltr'>γνώμην</span> <span class='ocrx_word' id='word_1_880' title='bbox 2126 4128 2292 4199; x_wconf 82' lang='grc' dir='ltr'>ὀρθὴν</span> <span class='ocrx_word' id='word_1_881' title='bbox 2325 4130 2571 4200; x_wconf 77' lang='grc' dir='ltr'>ἐπιζητεῖ</span> <span class='ocrx_word' id='word_1_882' title='bbox 2598 4132 2626 4184; x_wconf 92' lang='lat'>0</span> <span class='ocrx_word' id='word_1_883' title='bbox 2678 4131 2783 4184; x_wconf 90' lang='grc' dir='ltr'>τῶν</span> <span class='ocrx_word' id='word_1_884' title='bbox 2816 4131 3072 4185; x_wconf 83' lang='grc' dir='ltr'>ἁπάντων</span> <span class='ocrx_word' id='word_1_885' title='bbox 3114 4132 3318 4183; x_wconf 82' lang='grc' dir='ltr'>Δεσπό-</span> 
     </span>
    </p>
   </div>
   <div class='ocr_carea' id='block_1_115' title="bbox 1745 4211 3318 4284">
    <p class='ocr_par' dir='ltr' id='par_1_115' title="bbox 1745 4211 3318 4284">
     <span class='ocr_line' id='line_1_115' title="bbox 1745 4211 3318 4284; baseline 0.003 -22"><span class='ocrx_word' id='word_1_886' title='bbox 1745 4227 1864 4279; x_wconf 88' lang='grc' dir='ltr'>της.</span> <span class='ocrx_word' id='word_1_887' title='bbox 1905 4212 2060 4263; x_wconf 88' lang='grc' dir='ltr'>Ἔστι</span> <span class='ocrx_word' id='word_1_888' title='bbox 2107 4211 2367 4274; x_wconf 83' lang='grc' dir='ltr'>πολλάκις</span> <span class='ocrx_word' id='word_1_889' title='bbox 2402 4214 2497 4265; x_wconf 79' lang='grc' dir='ltr'>καί</span> <span class='ocrx_word' id='word_1_890' title='bbox 2547 4214 2703 4282; x_wconf 89' lang='grc' dir='ltr'>ὀλίγα</span> <span class='ocrx_word' id='word_1_891' title='bbox 2756 4213 2946 4284; x_wconf 81' lang='grc' dir='ltr'>ἔχοντα</span> <span class='ocrx_word' id='word_1_892' title='bbox 2993 4214 3190 4284; x_wconf 82' lang='grc' dir='ltr'>πολλὴν</span> <span class='ocrx_word' id='word_1_893' title='bbox 3218 4216 3318 4283; x_wconf 76' lang='grc' dir='ltr'>τὴν</span> 
     </span>
    </p>
   </div>
   <div class='ocr_carea' id='block_1_116' title="bbox 1745 4293 3319 4370">
    <p class='ocr_par' dir='ltr' id='par_1_116' title="bbox 1745 4293 3319 4370">
     <span class='ocr_line' id='line_1_116' title="bbox 1745 4293 3319 4370; baseline 0.004 -23"><span class='ocrx_word' id='word_1_894' title='bbox 1745 4293 2027 4363; x_wconf 87' lang='grc' dir='ltr'>δαψίλειαν</span> <span class='ocrx_word' id='word_1_895' title='bbox 2057 4295 2156 4365; x_wconf 82' lang='grc' dir='ltr'>τῆς</span> <span class='ocrx_word' id='word_1_896' title='bbox 2186 4295 2555 4367; x_wconf 85' lang='grc' dir='ltr'>ἐλεημοσύνης</span> <span class='ocrx_word' id='word_1_897' title='bbox 2603 4298 3000 4364; x_wconf 79' lang='grc' dir='ltr'>ἐπιδείξασθαι,</span> <span class='ocrx_word' id='word_1_898' title='bbox 3051 4300 3181 4352; x_wconf 79' lang='grc' dir='ltr'>ὅταν</span> <span class='ocrx_word' id='word_1_899' title='bbox 3286 4300 3319 4368; x_wconf 84' lang='grc' dir='ltr'><strong>ἠ</strong></span> 
     </span>
    </p>
   </div>
   <div class='ocr_carea' id='block_1_117' title="bbox 1748 4378 3321 4450">
    <p class='ocr_par' dir='ltr' id='par_1_117' title="bbox 1748 4378 3321 4450">
     <span class='ocr_line' id='line_1_117' title="bbox 1748 4378 3321 4450; baseline 0.003 -20"><span class='ocrx_word' id='word_1_900' title='bbox 1748 4378 2027 4449; x_wconf 87' lang='grc' dir='ltr'>προθυμία</span> <span class='ocrx_word' id='word_1_901' title='bbox 2081 4380 2400 4450; x_wconf 74' lang='grc' dir='ltr'>ἐρρωμένη·</span> <span class='ocrx_word' id='word_1_902' title='bbox 2459 4382 2553 4433; x_wconf 77' lang='grc' dir='ltr'>καὶ</span> <span class='ocrx_word' id='word_1_903' title='bbox 2588 4382 2749 4435; x_wconf 88' lang='grc' dir='ltr'>πάλιν</span> <span class='ocrx_word' id='word_1_904' title='bbox 2796 4383 2855 4435; x_wconf 80' lang='grc' dir='ltr'>τὸ</span> <span class='ocrx_word' id='word_1_905' title='bbox 2894 4384 3154 4448; x_wconf 84' lang='grc' dir='ltr'>ἐναντίον,</span> <span class='ocrx_word' id='word_1_906' title='bbox 3204 4383 3321 4435; x_wconf 82' lang='grc' dir='ltr'>ἐστι</span> 
     </span>
    </p>
   </div>
   <div class='ocr_carea' id='block_1_118' title="bbox 1749 4461 3325 4534">
    <p class='ocr_par' dir='ltr' id='par_1_118' title="bbox 1749 4461 3325 4534">
     <span class='ocr_line' id='line_1_118' title="bbox 1749 4461 3325 4534; baseline 0.005 -21"><span class='ocrx_word' id='word_1_907' title='bbox 1749 4463 1843 4515; x_wconf 73' lang='grc' dir='ltr'>καὶ</span> <span class='ocrx_word' id='word_1_908' title='bbox 1873 4461 2043 4517; x_wconf 83' lang='grc' dir='ltr'>πολλά</span> <span class='ocrx_word' id='word_1_909' title='bbox 2081 4463 2416 4532; x_wconf 89' lang='grc' dir='ltr'>κεκτημένον</span> <span class='ocrx_word' id='word_1_910' title='bbox 2453 4464 2709 4518; x_wconf 86' lang='grc' dir='ltr'>ἐλάττονα</span> <span class='ocrx_word' id='word_1_911' title='bbox 2758 4465 2988 4534; x_wconf 77' lang='grc' dir='ltr'>ὀφθῆναι</span> <span class='ocrx_word' id='word_1_912' title='bbox 3022 4467 3129 4518; x_wconf 87' lang='grc' dir='ltr'>τῶν</span> <span class='ocrx_word' id='word_1_913' title='bbox 3164 4466 3325 4533; x_wconf 84' lang='grc' dir='ltr'>ὀλίγα</span> 
     </span>
    </p>
   </div>
   <div class='ocr_carea' id='block_1_119' title="bbox 1749 4543 3323 4621">
    <p class='ocr_par' dir='ltr' id='par_1_119' title="bbox 1749 4543 3323 4621">
     <span class='ocr_line' id='line_1_119' title="bbox 1749 4543 3323 4621; baseline 0.003 -24"><span class='ocrx_word' id='word_1_914' title='bbox 1749 4544 1980 4614; x_wconf 82' lang='grc' dir='ltr'>ἐχόντων</span> <span class='ocrx_word' id='word_1_915' title='bbox 2001 4543 2088 4597; x_wconf 82' lang='grc' dir='ltr'>διὰ</span> <span class='ocrx_word' id='word_1_916' title='bbox 2116 4544 2212 4615; x_wconf 84' lang='grc' dir='ltr'>τὴν</span> <span class='ocrx_word' id='word_1_917' title='bbox 2242 4545 2339 4615; x_wconf 85' lang='grc' dir='ltr'>τῆς</span> <span class='ocrx_word' id='word_1_918' title='bbox 2363 4546 2497 4609; x_wconf 81' lang='grc' dir='ltr'>ἰδίας</span> <span class='ocrx_word' id='word_1_919' title='bbox 2523 4546 2746 4617; x_wconf 83' lang='grc' dir='ltr'>γνώμης</span> <span class='ocrx_word' id='word_1_920' title='bbox 2775 4550 3143 4620; x_wconf 86' lang='grc' dir='ltr'>μικρολογίαν.</span> <span class='ocrx_word' id='word_1_921' title='bbox 3170 4549 3323 4621; x_wconf 74' lang='lat'>[537}</span> 
     </span>
    </p>
   </div>
   <div class='ocr_carea' id='block_1_120' title="bbox 1761 4623 3323 4705">
    <p class='ocr_par' dir='ltr' id='par_1_120' title="bbox 1761 4623 3323 4705">
     <span class='ocr_line' id='line_1_120' title="bbox 1761 4623 3323 4705; baseline 0.003 -23"><span class='ocrx_word' id='word_1_922' title='bbox 1761 4627 2073 4698; x_wconf 85' lang='grc' dir='ltr'>Ἐκχέωμεν</span> <span class='ocrx_word' id='word_1_923' title='bbox 2093 4623 2209 4691; x_wconf 86' lang='grc' dir='ltr'>οῦν,</span> <span class='ocrx_word' id='word_1_924' title='bbox 2245 4629 2563 4699; x_wconf 83' lang='grc' dir='ltr'>παρακαλῶ,</span> <span class='ocrx_word' id='word_1_925' title='bbox 2587 4631 2656 4683; x_wconf 79' lang='grc' dir='ltr'>τὰ</span> <span class='ocrx_word' id='word_1_926' title='bbox 2675 4632 2803 4685; x_wconf 81' lang='grc' dir='ltr'>ὅντα</span> <span class='ocrx_word' id='word_1_927' title='bbox 2835 4636 2911 4697; x_wconf 85' lang='grc' dir='ltr'>είς</span> <span class='ocrx_word' id='word_1_928' title='bbox 2939 4635 3063 4697; x_wconf 76' lang='grc' dir='ltr'>τοὺς</span> <span class='ocrx_word' id='word_1_929' title='bbox 3088 4636 3145 4686; x_wconf 82' lang='grc' dir='ltr'>ἐν</span> <span class='ocrx_word' id='word_1_930' title='bbox 3166 4636 3323 4705; x_wconf 68' lang='grc' dir='ltr'>χρείᾳ</span> 
     </span>
    </p>
   </div>
   <div class='ocr_carea' id='block_1_121' title="bbox 1747 4709 3343 4788">
    <p class='ocr_par' dir='ltr' id='par_1_121' title="bbox 1747 4709 3343 4788">
     <span class='ocr_line' id='line_1_121' title="bbox 1747 4709 3343 4788; baseline 0.006 -27"><span class='ocrx_word' id='word_1_931' title='bbox 1747 4710 1908 4772; x_wconf 79' lang='grc' dir='ltr'>ὄντας</span> <span class='ocrx_word' id='word_1_932' title='bbox 1947 4710 2085 4779; x_wconf 83' lang='grc' dir='ltr'>μετά</span> <span class='ocrx_word' id='word_1_933' title='bbox 2138 4709 2393 4780; x_wconf 85' lang='grc' dir='ltr'>δαψιλοῦς</span> <span class='ocrx_word' id='word_1_934' title='bbox 2430 4712 2653 4784; x_wconf 82' lang='grc' dir='ltr'>γνώμης</span> <span class='ocrx_word' id='word_1_935' title='bbox 2679 4756 2694 4779; x_wconf 96' lang='grc'>,</span> <span class='ocrx_word' id='word_1_936' title='bbox 2755 4716 2816 4781; x_wconf 77' lang='grc' dir='ltr'>ἐξ</span> <span class='ocrx_word' id='word_1_937' title='bbox 2851 4710 2925 4770; x_wconf 84' lang='grc' dir='ltr'>ὧν</span> <span class='ocrx_word' id='word_1_938' title='bbox 2972 4720 3000 4772; x_wconf 96' lang='lat'>0</span> <span class='ocrx_word' id='word_1_939' title='bbox 3045 4718 3343 4788; x_wconf 63' lang='lat' dir='ltr'>Asanérng,</span> 
     </span>
    </p>
   </div>
   <div class='ocr_carea' id='block_1_122' title="bbox 1748 4793 3324 4870">
    <p class='ocr_par' dir='ltr' id='par_1_122' title="bbox 1748 4793 3324 4870">
     <span class='ocr_line' id='line_1_122' title="bbox 1748 4793 3324 4870; baseline 0.004 -26"><span class='ocrx_word' id='word_1_940' title='bbox 1748 4795 1880 4862; x_wconf 78' lang='grc' dir='ltr'>ἡμῖν</span> <span class='ocrx_word' id='word_1_941' title='bbox 1909 4793 2227 4863; x_wconf 87' lang='grc' dir='ltr'>κεχάρισται</span> <span class='ocrx_word' id='word_1_942' title='bbox 2252 4832 2268 4857; x_wconf 88' lang='grc'>,</span> <span class='ocrx_word' id='word_1_943' title='bbox 2308 4794 2400 4847; x_wconf 81' lang='grc' dir='ltr'>καὶ</span> <span class='ocrx_word' id='word_1_944' title='bbox 2426 4796 2564 4849; x_wconf 79' lang='grc' dir='ltr'>αὐτὰ</span> <span class='ocrx_word' id='word_1_945' title='bbox 2597 4797 2665 4849; x_wconf 80' lang='grc' dir='ltr'>τὰ</span> <span class='ocrx_word' id='word_1_946' title='bbox 2699 4799 2832 4870; x_wconf 82' lang='grc' dir='ltr'>παρ’</span> <span class='ocrx_word' id='word_1_947' title='bbox 2864 4799 3028 4852; x_wconf 85' lang='grc' dir='ltr'>αὐτοῦ</span> <span class='ocrx_word' id='word_1_948' title='bbox 3063 4802 3196 4869; x_wconf 78' lang='grc' dir='ltr'>ἡμῖν</span> <span class='ocrx_word' id='word_1_949' title='bbox 3237 4802 3324 4852; x_wconf 70' lang='grc' dir='ltr'>δοο</span> 
     </span>
    </p>
   </div>
   <div class='ocr_carea' id='block_1_123' title="bbox 1752 4874 3324 4951">
    <p class='ocr_par' dir='ltr' id='par_1_123' title="bbox 1752 4874 3324 4951">
     <span class='ocr_line' id='line_1_123' title="bbox 1752 4874 3324 4951; baseline 0.004 -24"><span class='ocrx_word' id='word_1_950' title='bbox 1752 4874 1909 4929; x_wconf 83' lang='grc' dir='ltr'>θέντα</span> <span class='ocrx_word' id='word_1_951' title='bbox 1933 4875 2083 4946; x_wconf 85' lang='grc' dir='ltr'>αὐτῷ</span> <span class='ocrx_word' id='word_1_952' title='bbox 2113 4876 2274 4930; x_wconf 86' lang='grc' dir='ltr'>πάλιν</span> <span class='ocrx_word' id='word_1_953' title='bbox 2298 4878 2460 4947; x_wconf 80' lang='grc' dir='ltr'>ἡμεῖς</span> <span class='ocrx_word' id='word_1_954' title='bbox 2484 4877 2689 4950; x_wconf 83' lang='grc' dir='ltr'>δῶμεν,</span> <span class='ocrx_word' id='word_1_955' title='bbox 2724 4881 2810 4934; x_wconf 81' lang='grc' dir='ltr'>ἵνα</span> <span class='ocrx_word' id='word_1_956' title='bbox 2838 4880 2979 4935; x_wconf 77' lang='grc' dir='ltr'>οὕτω</span> <span class='ocrx_word' id='word_1_957' title='bbox 3002 4882 3160 4935; x_wconf 82' lang='grc' dir='ltr'>πάλιν</span> <span class='ocrx_word' id='word_1_958' title='bbox 3185 4883 3324 4951; x_wconf 75' lang='grc' dir='ltr'>μετὰ</span> 
     </span>
    </p>
   </div>
   <div class='ocr_carea' id='block_1_124' title="bbox 1754 4958 3331 5036">
    <p class='ocr_par' dir='ltr' id='par_1_124' title="bbox 1754 4958 3331 5036">
     <span class='ocr_line' id='line_1_124' title="bbox 1754 4958 3331 5036; baseline 0.004 -25"><span class='ocrx_word' id='word_1_959' title='bbox 1754 4958 1953 5027; x_wconf 80' lang='grc' dir='ltr'>πολλῆς</span> <span class='ocrx_word' id='word_1_960' title='bbox 1996 4960 2314 5031; x_wconf 86' lang='grc' dir='ltr'>προσθήκης</span> <span class='ocrx_word' id='word_1_961' title='bbox 2350 4961 2594 5035; x_wconf 78' lang='grc' dir='ltr'>ἡμέτερα</span> <span class='ocrx_word' id='word_1_962' title='bbox 2631 4964 2873 5031; x_wconf 86' lang='grc' dir='ltr'>γένηται.</span> <span class='ocrx_word' id='word_1_963' title='bbox 2929 4965 3177 5033; x_wconf 87' lang='grc' dir='ltr'>Τοσαύτη</span> <span class='ocrx_word' id='word_1_964' title='bbox 3215 4964 3331 5036; x_wconf 73' lang='grc' dir='ltr'>γὰρ</span> 
     </span>
    </p>
   </div>
   <div class='ocr_carea' id='block_1_125' title="bbox 1752 5040 3325 5116">
    <p class='ocr_par' dir='ltr' id='par_1_125' title="bbox 1752 5040 3325 5116">
     <span class='ocr_line' id='line_1_125' title="bbox 1752 5040 3325 5116; baseline 0.003 -21"><span class='ocrx_word' id='word_1_965' title='bbox 1752 5041 1914 5095; x_wconf 85' lang='grc' dir='ltr'>αὐτοῦ</span> <span class='ocrx_word' id='word_1_966' title='bbox 2006 5042 2285 5113; x_wconf 85' lang='grc' dir='ltr'>φιλοτιμία</span> <span class='ocrx_word' id='word_1_967' title='bbox 2306 5084 2321 5106; x_wconf 94' lang='grc'>,</span> <span class='ocrx_word' id='word_1_968' title='bbox 2352 5044 2432 5096; x_wconf 80' lang='grc' dir='ltr'>ὅτι</span> <span class='ocrx_word' id='word_1_969' title='bbox 2471 5045 2564 5097; x_wconf 77' lang='grc' dir='ltr'>καὶ</span> <span class='ocrx_word' id='word_1_970' title='bbox 2594 5045 2688 5113; x_wconf 76' lang='grc' dir='ltr'>ἀφ’</span> <span class='ocrx_word' id='word_1_971' title='bbox 2720 5040 2794 5099; x_wconf 75' lang='grc' dir='ltr'>ὧν</span> <span class='ocrx_word' id='word_1_972' title='bbox 2821 5046 2983 5099; x_wconf 68' lang='grc' dir='ltr'>ἔδωκε</span> <span class='ocrx_word' id='word_1_973' title='bbox 3010 5046 3325 5116; x_wconf 84' lang='grc' dir='ltr'>λαμϐάνων,</span> 
     </span>
    </p>
   </div>
   <div class='ocr_carea' id='block_1_126' title="bbox 1752 5124 3327 5202">
    <p class='ocr_par' dir='ltr' id='par_1_126' title="bbox 1752 5124 3327 5202">
     <span class='ocr_line' id='line_1_126' title="bbox 1752 5124 3327 5202; baseline 0.008 -31"><span class='ocrx_word' id='word_1_974' title='bbox 1752 5124 1850 5194; x_wconf 79' lang='grc' dir='ltr'>οὐχ</span> <span class='ocrx_word' id='word_1_975' title='bbox 1893 5126 2104 5195; x_wconf 75' lang='grc' dir='ltr'>ἡγεῖται</span> <span class='ocrx_word' id='word_1_976' title='bbox 2145 5125 2212 5177; x_wconf 86' lang='grc' dir='ltr'>τά</span> <span class='ocrx_word' id='word_1_977' title='bbox 2258 5124 2363 5178; x_wconf 77' lang='grc' dir='ltr'>ἴδια</span> <span class='ocrx_word' id='word_1_978' title='bbox 2411 5126 2705 5196; x_wconf 87' lang='grc' dir='ltr'>λαμϐάνειν</span> <span class='ocrx_word' id='word_1_979' title='bbox 2730 5168 2743 5189; x_wconf 95' lang='grc'>,</span> <span class='ocrx_word' id='word_1_980' title='bbox 2781 5128 2914 5181; x_wconf 88' lang='grc' dir='ltr'>ἀλλά</span> <span class='ocrx_word' id='word_1_981' title='bbox 2950 5129 3085 5199; x_wconf 85' lang='grc' dir='ltr'>μετὰ</span> <span class='ocrx_word' id='word_1_982' title='bbox 3124 5130 3327 5202; x_wconf 80' lang='grc' dir='ltr'>πολλῆς</span> 
     </span>
    </p>
   </div>
   <div class='ocr_carea' id='block_1_127' title="bbox 1757 5208 3325 5285">
    <p class='ocr_par' dir='ltr' id='par_1_127' title="bbox 1757 5208 3325 5285">
     <span class='ocr_line' id='line_1_127' title="bbox 1757 5208 3325 5285; baseline 0.005 -25"><span class='ocrx_word' id='word_1_983' title='bbox 1757 5210 1887 5279; x_wconf 82' lang='grc' dir='ltr'>ἡμῖν</span> <span class='ocrx_word' id='word_1_984' title='bbox 1929 5208 2068 5262; x_wconf 86' lang='grc' dir='ltr'>αὐτά</span> <span class='ocrx_word' id='word_1_985' title='bbox 2104 5208 2202 5277; x_wconf 82' lang='grc' dir='ltr'>τῆς</span> <span class='ocrx_word' id='word_1_986' title='bbox 2239 5208 2552 5279; x_wconf 85' lang='grc' dir='ltr'>φιλοτιμίας</span> <span class='ocrx_word' id='word_1_987' title='bbox 2596 5211 2901 5266; x_wconf 85' lang='grc' dir='ltr'>ἀποδιδόναι</span> <span class='ocrx_word' id='word_1_988' title='bbox 2941 5214 3280 5285; x_wconf 80' lang='grc' dir='ltr'>ὑπισχνεῖται</span> <span class='ocrx_word' id='word_1_989' title='bbox 3308 5230 3325 5245; x_wconf 82' lang='lat'><strong><em>°</em></strong></span> 
     </span>
    </p>
   </div>
   <div class='ocr_carea' id='block_1_128' title="bbox 1759 5290 3330 5369">
    <p class='ocr_par' dir='ltr' id='par_1_128' title="bbox 1759 5290 3330 5369">
     <span class='ocr_line' id='line_1_128' title="bbox 1759 5290 3330 5369; baseline 0.004 -25"><span class='ocrx_word' id='word_1_990' title='bbox 1759 5291 1917 5361; x_wconf 89' lang='grc' dir='ltr'>μόνον</span> <span class='ocrx_word' id='word_1_991' title='bbox 1950 5290 2045 5344; x_wconf 84' lang='grc' dir='ltr'>ἐὰν</span> <span class='ocrx_word' id='word_1_992' title='bbox 2081 5291 2240 5361; x_wconf 83' lang='grc' dir='ltr'>ἡμεῖς</span> <span class='ocrx_word' id='word_1_993' title='bbox 2277 5292 2344 5345; x_wconf 76' lang='grc' dir='ltr'>τὰ</span> <span class='ocrx_word' id='word_1_994' title='bbox 2370 5294 2497 5364; x_wconf 85' lang='grc' dir='ltr'>παρ’</span> <span class='ocrx_word' id='word_1_995' title='bbox 2526 5294 2732 5348; x_wconf 82' lang='grc' dir='ltr'>ἑαυτῶν</span> <span class='ocrx_word' id='word_1_996' title='bbox 2752 5295 3117 5362; x_wconf 81' lang='grc' dir='ltr'>ἐπιδείξασθαι</span> <span class='ocrx_word' id='word_1_997' title='bbox 3139 5296 3330 5369; x_wconf 85' lang='grc' dir='ltr'>βουλη-</span> 
     </span>
    </p>
   </div>
   <div class='ocr_carea' id='block_1_129' title="bbox 1755 5374 3331 5455">
    <p class='ocr_par' dir='ltr' id='par_1_129' title="bbox 1755 5374 3331 5455">
     <span class='ocr_line' id='line_1_129' title="bbox 1755 5374 3331 5455; baseline 0.007 -29"><span class='ocrx_word' id='word_1_998' title='bbox 1755 5374 1957 5444; x_wconf 90' lang='grc' dir='ltr'>θῶμεν,</span> <span class='ocrx_word' id='word_1_999' title='bbox 1988 5376 2081 5428; x_wconf 77' lang='grc' dir='ltr'>καὶ</span> <span class='ocrx_word' id='word_1_1000' title='bbox 2115 5374 2365 5444; x_wconf 83' lang='grc' dir='ltr'>καθάπερ</span> <span class='ocrx_word' id='word_1_1001' title='bbox 2396 5378 2462 5447; x_wconf 81' lang='grc' dir='ltr'>τῇ</span> <span class='ocrx_word' id='word_1_1002' title='bbox 2490 5377 2584 5430; x_wconf 89' lang='grc' dir='ltr'>τοῦ</span> <span class='ocrx_word' id='word_1_1003' title='bbox 2619 5377 2754 5432; x_wconf 86' lang='grc' dir='ltr'>Θεοῦ</span> <span class='ocrx_word' id='word_1_1004' title='bbox 2784 5381 2929 5451; x_wconf 83' lang='grc' dir='ltr'>χειρὶ</span> <span class='ocrx_word' id='word_1_1005' title='bbox 2949 5379 3119 5435; x_wconf 88' lang='grc' dir='ltr'>ταῦτα</span> <span class='ocrx_word' id='word_1_1006' title='bbox 3147 5400 3331 5455; x_wconf 88' lang='grc' dir='ltr'>παρα-</span> 
     </span>
    </p>
   </div>
   <div class='ocr_carea' id='block_1_130' title="bbox 1756 5458 3332 5538">
    <p class='ocr_par' dir='ltr' id='par_1_130' title="bbox 1756 5458 3332 5538">
     <span class='ocr_line' id='line_1_130' title="bbox 1756 5458 3332 5538; baseline 0.007 -27"><span class='ocrx_word' id='word_1_1007' title='bbox 1756 5458 2201 5529; x_wconf 83' lang='grc' dir='ltr'>κατατιθέμενοι,</span> <span class='ocrx_word' id='word_1_1008' title='bbox 2236 5458 2410 5523; x_wconf 77' lang='grc' dir='ltr'>οὕτως</span> <span class='ocrx_word' id='word_1_1009' title='bbox 2433 5460 2574 5515; x_wconf 87' lang='grc' dir='ltr'>αὐτά</span> <span class='ocrx_word' id='word_1_1010' title='bbox 2603 5464 2713 5526; x_wconf 86' lang='grc' dir='ltr'>τοῖς</span> <span class='ocrx_word' id='word_1_1011' title='bbox 2742 5464 2936 5536; x_wconf 88' lang='grc' dir='ltr'>πένησι</span> <span class='ocrx_word' id='word_1_1012' title='bbox 2966 5468 3294 5538; x_wconf 83' lang='grc' dir='ltr'>χορηγῶμεν</span> <span class='ocrx_word' id='word_1_1013' title='bbox 3315 5510 3332 5535; x_wconf 94' lang='grc'>,</span> 
     </span>
    </p>
   </div>
   <div class='ocr_carea' id='block_1_131' title="bbox 1757 5541 3347 5620">
    <p class='ocr_par' dir='ltr' id='par_1_131' title="bbox 1757 5541 3347 5620">
     <span class='ocr_line' id='line_1_131' title="bbox 1757 5541 3347 5620; baseline 0.008 -26"><span class='ocrx_word' id='word_1_1014' title='bbox 1757 5541 1957 5605; x_wconf 82' lang='grc' dir='ltr'>εἰδότες</span> <span class='ocrx_word' id='word_1_1015' title='bbox 1978 5542 2061 5595; x_wconf 85' lang='grc' dir='ltr'>ὅτι</span> <span class='ocrx_word' id='word_1_1016' title='bbox 2085 5542 2229 5613; x_wconf 82' lang='grc' dir='ltr'>ἆπερ</span> <span class='ocrx_word' id='word_1_1017' title='bbox 2262 5543 2327 5596; x_wconf 79' lang='grc' dir='ltr'>ἂν</span> <span class='ocrx_word' id='word_1_1018' title='bbox 2350 5544 2383 5614; x_wconf 83' lang='grc' dir='ltr'><strong>ἡ</strong></span> <span class='ocrx_word' id='word_1_1019' title='bbox 2414 5544 2534 5615; x_wconf 74' lang='grc' dir='ltr'>χεὶρ</span> <span class='ocrx_word' id='word_1_1020' title='bbox 2559 5545 2739 5617; x_wconf 84' lang='grc' dir='ltr'>ἐκείνη</span> <span class='ocrx_word' id='word_1_1021' title='bbox 2764 5546 3003 5620; x_wconf 81' lang='grc' dir='ltr'>δέξηται,</span> <span class='ocrx_word' id='word_1_1022' title='bbox 3027 5550 3126 5605; x_wconf 81' lang='grc' dir='ltr'>οὐκ</span> <span class='ocrx_word' id='word_1_1023' title='bbox 3150 5552 3347 5606; x_wconf 66' lang='grc' dir='ltr'>ἐκεῖνα</span> 
     </span>
    </p>
   </div>
   <div class='ocr_carea' id='block_1_132' title="bbox 1758 5623 3331 5694">
    <p class='ocr_par' dir='ltr' id='par_1_132' title="bbox 1758 5623 3331 5694">
     <span class='ocr_line' id='line_1_132' title="bbox 1758 5623 3331 5694; baseline 0.008 -19"><span class='ocrx_word' id='word_1_1024' title='bbox 1758 5623 1915 5694; x_wconf 87' lang='grc' dir='ltr'>μόνον</span> <span class='ocrx_word' id='word_1_1025' title='bbox 1944 5625 2285 5691; x_wconf 89' lang='grc' dir='ltr'>ἀποδίδωσιν,</span> <span class='ocrx_word' id='word_1_1026' title='bbox 2310 5626 2445 5681; x_wconf 80' lang='grc' dir='ltr'>ἀλλὰ</span> <span class='ocrx_word' id='word_1_1027' title='bbox 2473 5628 2567 5683; x_wconf 81' lang='grc' dir='ltr'>καί</span> <span class='ocrx_word' id='word_1_1028' title='bbox 2597 5629 2994 5687; x_wconf 86' lang='grc' dir='ltr'>πολυπλασίονα</span> <span class='ocrx_word' id='word_1_1029' title='bbox 3016 5633 3087 5688; x_wconf 85' lang='grc' dir='ltr'>τά</span> <span class='ocrx_word' id='word_1_1030' title='bbox 3109 5634 3331 5687; x_wconf 85' lang='grc' dir='ltr'>δοθέντα</span> 
     </span>
    </p>
   </div>
   <div class='ocr_carea' id='block_1_133' title="bbox 1761 5702 3334 5787">
    <p class='ocr_par' dir='ltr' id='par_1_133' title="bbox 1761 5702 3334 5787">
     <span class='ocr_line' id='line_1_133' title="bbox 1761 5702 3334 5787; baseline 0.006 -26"><span class='ocrx_word' id='word_1_1031' title='bbox 1761 5702 1913 5771; x_wconf 68' lang='grc' dir='ltr'>οὗτος</span> <span class='ocrx_word' id='word_1_1032' title='bbox 1938 5710 2066 5778; x_wconf 83' lang='grc' dir='ltr'>ἡμῖν</span> <span class='ocrx_word' id='word_1_1033' title='bbox 2090 5710 2227 5762; x_wconf 87' lang='grc' dir='ltr'>αὐτά</span> <span class='ocrx_word' id='word_1_1034' title='bbox 2250 5710 2411 5763; x_wconf 77' lang='grc' dir='ltr'>πάλιν</span> <span class='ocrx_word' id='word_1_1035' title='bbox 2450 5713 2729 5782; x_wconf 81' lang='grc' dir='ltr'>χαρίζεται</span> <span class='ocrx_word' id='word_1_1036' title='bbox 2756 5756 2769 5777; x_wconf 90' lang='grc'>,</span> <span class='ocrx_word' id='word_1_1037' title='bbox 2802 5717 2904 5786; x_wconf 84' lang='grc' dir='ltr'>τὴν</span> <span class='ocrx_word' id='word_1_1038' title='bbox 2939 5718 3144 5771; x_wconf 88' lang='grc' dir='ltr'>οἰκείαν</span> <span class='ocrx_word' id='word_1_1039' title='bbox 3186 5718 3334 5787; x_wconf 87' lang='grc' dir='ltr'>φιλο-</span> 
     </span>
    </p>
   </div>
   <div class='ocr_carea' id='block_1_134' title="bbox 1764 5792 3335 5869">
    <p class='ocr_par' dir='ltr' id='par_1_134' title="bbox 1764 5792 3335 5869">
     <span class='ocr_line' id='line_1_134' title="bbox 1764 5792 3335 5869; baseline 0.006 -26"><span class='ocrx_word' id='word_1_1040' title='bbox 1764 5792 1951 5862; x_wconf 84' lang='grc' dir='ltr'>τιμίαν</span> <span class='ocrx_word' id='word_1_1041' title='bbox 1973 5792 2058 5845; x_wconf 72' lang='grc' dir='ltr'>διὰ</span> <span class='ocrx_word' id='word_1_1042' title='bbox 2084 5793 2298 5846; x_wconf 85' lang='grc' dir='ltr'>πάντων</span> <span class='ocrx_word' id='word_1_1043' title='bbox 2320 5795 2778 5867; x_wconf 84' lang='grc' dir='ltr'>ἐπιδεικνύμενος.</span> <span class='ocrx_word' id='word_1_1044' title='bbox 2824 5802 2933 5853; x_wconf 72' lang='grc' dir='ltr'>Καὶ</span> <span class='ocrx_word' id='word_1_1045' title='bbox 2962 5802 3014 5853; x_wconf 89' lang='grc' dir='ltr'>τί</span> <span class='ocrx_word' id='word_1_1046' title='bbox 3043 5802 3185 5869; x_wconf 81' lang='grc' dir='ltr'>λέγω</span> <span class='ocrx_word' id='word_1_1047' title='bbox 3210 5841 3223 5863; x_wconf 97' lang='grc'>,</span> <span class='ocrx_word' id='word_1_1048' title='bbox 3252 5804 3335 5853; x_wconf 77' lang='grc' dir='ltr'>ὅτι</span> 
     </span>
    </p>
   </div>
   <div class='ocr_carea' id='block_1_135' title="bbox 63 5868 3359 5967">
    <p class='ocr_par' dir='ltr' id='par_1_135' title="bbox 63 5868 3359 5967">
     <span class='ocr_line' id='line_1_135' title="bbox 63 5868 3359 5967; baseline 0.003 -38"><span class='ocrx_word' id='word_1_1049' title='bbox 63 5873 345 5943; x_wconf 82' lang='grc' dir='ltr'>κέκτηται</span> <span class='ocrx_word' id='word_1_1050' title='bbox 373 5870 405 5942; x_wconf 77' lang='grc' dir='ltr'>ἡ</span> <span class='ocrx_word' id='word_1_1051' title='bbox 429 5868 653 5941; x_wconf 74' lang='grc' dir='ltr'>δαψιλὴς</span> <span class='ocrx_word' id='word_1_1052' title='bbox 678 5868 1034 5942; x_wconf 77' lang='grc' dir='ltr'>ἐλεημοσύνη.</span> <span class='ocrx_word' id='word_1_1053' title='bbox 1078 5869 1165 5926; x_wconf 81' lang='grc' dir='ltr'>ἵνα</span> <span class='ocrx_word' id='word_1_1054' title='bbox 1198 5868 1459 5961; x_wconf 61' lang='grc' dir='ltr'>μαθόνῖες</span> <span class='ocrx_word' id='word_1_1055' title='bbox 1479 5871 1549 5961; x_wconf 19' lang='grc' dir='ltr'>ςεδδν</span> <span class='ocrx_word' id='word_1_1056' title='bbox 1596 5871 1659 5939; x_wconf 69' lang='grc' dir='ltr'>ἐξ</span> <span class='ocrx_word' id='word_1_1057' title='bbox 1764 5876 1899 5935; x_wconf 76' lang='grc' dir='ltr'>αὐτὰ</span> <span class='ocrx_word' id='word_1_1058' title='bbox 1943 5877 2099 5937; x_wconf 67' lang='grc' dir='ltr'>πάλιν</span> <span class='ocrx_word' id='word_1_1059' title='bbox 2140 5879 2592 5967; x_wconf 72' lang='grc' dir='ltr'>πολυπλασιάζει;</span> <span class='ocrx_word' id='word_1_1060' title='bbox 2651 5884 2711 5939; x_wconf 85' lang='lat' dir='ltr'>&#39;H</span> <span class='ocrx_word' id='word_1_1061' title='bbox 2752 5885 2871 5955; x_wconf 76' lang='grc' dir='ltr'>χεὶρ</span> <span class='ocrx_word' id='word_1_1062' title='bbox 2914 5886 3091 5957; x_wconf 78' lang='grc' dir='ltr'>ἐκείνη</span> <span class='ocrx_word' id='word_1_1063' title='bbox 3118 5868 3359 5945; x_wconf 73' lang='grc' dir='ltr'>δίδωσινι</span> 
     </span>
    </p>
   </div>
  </div>
