3782 6250
388 306 395 321 ’
459 314 560 369 ι85

460 433 556 485 οὐκ
584 430 717 484 αὐτὰ
750 426 924 497 μόνον,
961 425 1093 479 ἀλλά
1120 426 1255 496 μετά
1279 426 1481 478 τούτων
1505 424 1598 477 καὶ
1620 423 1715 493 την
1750 423 2022 492 βασιλείαν

458 516 563 567 τῶν
586 510 828 581 οὐρανῶν
852 509 1124 579 δωρεῖται,
1147 509 1240 562 καὶ
1256 506 1617 577 ἀνακηρύττει
1642 507 1731 557 καὶ
1751 506 2020 575 στεφανοῖ,

457 598 551 651 καὶ
593 594 662 646 τὰ
710 592 875 662 μυρία
924 591 1100 658 ἀγαθὰ
1145 590 1447 661 χαρίζεται,
1495 588 1591 641 ἐὰν
1640 589 1703 639 ἐκ
1735 588 1844 641 τῶν
1894 587 2022 656 παρ’

454 677 618 731 αὐτοῦ
658 675 917 728 δοθέντων
959 672 1154 743 μικρόν
1198 690 1249 724 τι
1296 671 1619 737 εἰσενεγκεῖν
1653 667 2018 738 βουληθῶμεν.

453 760 543 830 Μὴ
582 757 691 828 γὰρ
724 755 859 826 βαρύ
883 773 934 807 τι
963 756 1056 807 καὶ
1089 754 1323 823 ἐπαχθὲς
1353 755 1480 824 παρ’
1507 752 1663 823 ἡμῶν
1693 753 1833 804 αίτεῖ
1853 763 1910 816 ις
1942 752 2023 805 Τά

454 841 681 912 περιττά
712 839 809 905 τῆς
840 837 1026 907 χρείας
1048 835 1293 905 βούλεται
1324 836 1594 902 ἀναγκαῖα
1622 835 1768 903 ἡμᾶς
1796 834 2022 903 ποιήσα-

453 924 596 989 σθαι,
629 923 719 975 καὶ
744 921 887 990 άπερ
928 919 1051 987 είκῆ
1095 919 1187 971 καὶ
1224 917 1399 987 μάτην
1428 917 1487 969 ἐν
1515 918 1626 979 τοῖς
1645 915 1911 985 ταμιείοις
1939 916 2023 967 ἑν-

449 1007 763 1064 απόκειται,
803 1001 976 1055 ταῦτα
1013 1000 1257 1069 βούλεται
1294 998 1393 1071 ὑφ’,
1418 998 1573 1069 ήμῶν
1617 998 1797 1052 αὐτῶν
1842 995 2021 1061 καλῶς

447 1088 857 1159 διανεμηθῆναι,
880 1086 965 1137 ἵνα
986 1084 1239 1153 ἀφορμὴν
1259 1082 1438 1136 λαϐὼν
1466 1081 1733 1146 ἐντεῦθεν,
1756 1080 2020 1151 λαμπρῶς

447 1174 595 1241 ἡμᾶς
623 1167 965 1239 στεφανώσῃ.
1008 1166 1233 1218 Σπεύδει
1279 1164 1389 1236 γάρ
1427 1166 1522 1217 καὶ
1566 1163 1880 1230 ἐπείγεται,
1926 1165 2019 1217 καὶ

448 1256 623 1308 πάντα
650 1253 793 1303 ποιεῖ
821 1250 915 1303 καὶ
951 1246 1417 1318 πραγματεύεται,
1450 1246 1591 1300 ὥστε
1615 1244 1845 1312 ἀξιῶσαι
1873 1246 2019 1317 ἡμᾶς

446 1335 522 1391 ὧν
550 1338 643 1390 καὶ
670 1331 1053 1404 ἐπηγγείλατο.

515 1418 575 1471 ε’.
604 1418 694 1486 Μὴ
728 1414 904 1468 τοίνυν
930 1414 1150 1476 ἑαυτοὺς
1181 1412 1658 1483 ἀποστερήσωμεν,
1695 1409 2013 1481 παρακαλῶ,

445 1501 553 1554 τῶν
587 1498 857 1552 τοσούτων
894 1495 1132 1565 ἀγαθῶν.
1174 1496 1235 1546 Εἰ
1283 1493 1390 1564 γὰρ
1421 1494 1470 1546 οἱ
1500 1492 1627 1563 περὶ
1653 1492 1750 1562 τὴν
1782 1492 1887 1563 γῆν
1916 1510 2015 1546 πο-

443 1584 691 1653 νούμενοι
728 1582 821 1635 καὶ
850 1577 1340 1648 ταλαιπωροῦντες,
1371 1576 1468 1639 τὰς
1494 1575 1699 1629 ἑαυτῶν
1732 1576 2015 1647 ἀποθήκας

443 1667 745 1729 κενοῦντες,
782 1665 861 1726 είς
890 1662 986 1733 τὴν
1022 1663 1126 1728 γῆν
1162 1658 1557 1713 καταϐάλλουσι
1585 1658 1652 1711 τὰ
1689 1659 2011 1729 σπέρματα,

444 1750 633 1804 καὶτὰ
657 1747 821 1801 πάλαι
854 1742 1167 1812 συνηγμένα
1211 1739 1581 1810 σκορπίξουσι,
1614 1742 1706 1793 καὶ
1742 1741 1858 1811 μεθ’
1892 1740 2013 1810 ἡδο-

445 1834 538 1904 νῆς
579 1831 737 1885 τοῦτο
786 1827 1033 1888 ποιοῦσι,
1069 1827 1133 1894 τῇ
1176 1823 1349 1876 ἑλπίδι
1381 1823 1475 1875 τοῦ
1513 1823 1754 1886 πλείονος
1789 1824 2013 1885 ἑαυτοὺς

442 1913 945 1988 παραμυθούμενοι,
989 1909 1082 1962 καὶ
1123 1908 1292 1960 ταῦτα
1326 1905 1523 1967 εἰδότες
1567 1907 1642 1970 ώς
1695 1906 1789 1959 καὶ
1835 1906 2012 1974 ἀέρων

440 2000 743 2070 ἀνωμαλίαι
793 1994 1070 2055 πολλάκις,
1119 1991 1213 2043 καὶ
1246 1989 1351 2059 γῆς
1394 1990 1671 2060 ἀκαρπία,
1708 1990 1802 2043 καὶ
1830 1989 2011 2059 ἕτεραι

440 2084 629 2136 πολλαὶ
678 2077 1046 2149 περιστάσεις,
1103 2074 1135 2144 ἢ
1194 2072 1429 2143 ἀκρίδων
1520 2072 1909 2143 στρατόπεδον,
1974 2071 2008 2143 ἢ

438 2164 697 2236 ἐρυσίϐης
720 2165 753 2231 ὴ
771 2159 953 2228 ἔφοδος
975 2160 1072 2226 τῆς
1091 2156 1413 2227 προσδοκίας
1424 2156 1740 2225 διαμαρτεῖν
1763 2155 2008 2225 ἐποίησε,

438 2250 531 2303 καὶ
554 2249 703 2317 ὅμως
728 2245 846 2305 ταῖς
875 2242 1138 2312 χρησταῖς
1180 2238 1389 2292 ἐλπίσιν
1423 2239 1648 2301 ἑαυτοὺς
1681 2239 1968 2309 τρέφοντες
1991 2275 2008 2301 ,

436 2332 505 2384 τά
535 2332 593 2382 ἐν
631 2330 743 2389 τοῖς
783 2323 1048 2393 ταμιείοις
1084 2320 1397 2389 συνηγμένα
1428 2322 1494 2391 τῇ
1524 2324 1594 2391 γῇ
1634 2319 2010 2393 παρακατατί-

436 2413 621 2467 θενται
653 2426 667 2440 ο
700 2406 879 2476 πολλῴ
916 2404 1112 2475 μᾶλλον
1152 2405 1298 2474 ήμάς
1340 2402 1409 2455 τὰ
1455 2402 1638 2467 ἁπλῶς
1673 2403 2009 2474 ἀποκείμενα

438 2492 754 2566 σκορπίζειν
779 2492 856 2553 είς
877 2488 974 2558 τὴν
1007 2486 1116 2539 τῶν
1141 2487 1386 2556 πενήτων
1402 2486 1692 2557 διατροφὴν
1712 2487 2005 2557 προσῆκεν,

436 2579 566 2632 ἔνθα
594 2578 694 2630 οὐκ
724 2574 804 2628 ἔνι
836 2572 966 2626 ποτέ
1003 2572 1319 2641 διαμαρτεῖν
1339 2569 1434 2623 τοῦ
1462 2569 1666 2635 τέλους,
1694 2570 1813 2623 οὐδέ
1834 2571 2009 2625 δεῖσαι

434 2663 532 2734 τὴν
564 2657 861 2728 ἀποτυχίαν
898 2656 997 2727 τὴν
1023 2655 1114 2707 ἐπὶ
1142 2654 1240 2723 τῆς
1275 2654 1379 2723 γῆς
1407 2653 1717 2725 γινομένην.
1765 2654 2009 2723 Ἐσκόρ-

435 2759 577 2798 mas
602 2745 731 2813 γὰρ,
764 2740 947 2810 φησιν,
976 2736 1159 2791 ἔδωκε
1183 2734 1307 2801 τοῖς
1323 2736 1602 2804 πένησιν.
1665 2735 1803 2789 Ἀλλ’
1843 2738 2009 2791 ἄκουε

434 2827 653 2882 καὶτῶν
680 2824 804 2893 ἑξῆς
829 2839 843 2853 ⁸
885 2822 956 2877 Ἠ
991 2820 1342 2884 δικαιοσύνη
1384 2817 1570 2872 αὑτοῦ
1588 2818 1757 2887 μένει
1786 2821 1873 2885 εὶς
1903 2822 2009 2873 τὸν

433 2910 619 2964 αίῶνα
643 2907 749 2961 τοῦ
776 2904 1010 2969 αἰῶνος.
1066 2902 1130 2954 Ὢ
1173 2900 1475 2970 θαυμασίου
1509 2901 1872 2972 σκορπισμοῦ.
1920 2903 2009 2955 Ἐν

436 2994 628 3065 βραχεῖ
668 2989 748 3060 τῷ
788 2988 965 3059 χρόνῳ
999 2986 1099 3055 τὴν
1141 2983 1402 3054 διανομὴν
1448 2986 1772 3055 ἐποιήσατο,
1824 2986 1917 3039 καὶ
1949 2986 2009 3039 ἐν

434 3075 670 3146 διηνεκεῖ
705 3072 782 3143 τῷ
825 3070 980 3125 αἰῶνι
1014 3070 1047 3138 ἡ
1089 3066 1404 3137 δικαιοσύνη
1452 3068 1615 3121 αὐτοῦ
1646 3068 1907 3139 διαμένει.
1942 3069 2007 3121 Τί

432 3163 623 3211 τούτου
655 3153 1119 3226 μακαριστότερον
1149 3150 1344 3217 γένοιτ’
1386 3148 1452 3203 ἀν
1483 3166 1650 3216 ποτε;
1684 3152 1781 3205 Διά
1814 3151 2005 3216 τοῦτο,

434 3236 775 3311 παρακαλῶ.
826 3236 925 3305 τὴν
973 3232 1060 3285 διὰ
1106 3232 1204 3301 τῆς
1252 3231 1618 3302 ἐλεημοσύνης
1665 3234 2007 3306 δικαιοσύνην

433 3324 646 3384 ἑαυτοῖς
698 3315 1147 3385 ἑπισπασώμεθα,
1188 3315 1256 3367 ἵν’
1374 3315 1465 3368 καὶ
1502 3316 1628 3386 περὶ
1664 3318 1822 3386 ἡμῶν
1852 3317 2007 3372 τοῦτο

432 3399 947 3472 λέγεσθαιάξιον,ὅτι
968 3398 1351 3469 Ἐσκόρπισαν,
1378 3396 1585 3453 ἔδωκαν
1616 3402 1727 3463 τοῖς
1758 3400 2003 3472 πένησιν,

432 3491 464 3557 η
502 3483 814 3554 δικαιοσύνη
852 3481 1030 3535 αὐτῶν
1057 3479 1208 3551 μένει
1237 3483 1316 3544 είς
1345 3479 1438 3533 τὸν
1469 3480 1642 3534 αίῶνα
1670 3481 1762 3536 τοῦ
1788 3483 2001 3548 αίῶνος.

445 3569 661 3639 Ἐπειδὴ
701 3566 809 3638 γάρ
854 3561 1025 3628 εἶπεν,
1050 3563 1474 3631 Ἐσκόρπισεν,
1515 3562 1758 3627 ἔδωκεν,
1806 3565 1891 3619 ῐνα
1930 3566 2004 3638 μὴ

432 3652 658 3725 νομίσῃς
710 3650 790 3702 ὃτι
833 3647 900 3703 τά
948 3646 1345 3717 σκορπισθέντα
1388 3643 1670 3712 ἀπώλετο,
1711 3645 1797 3701 διὰ
1847 3643 2006 3702 τοῦτό

427 3738 636 3808 ταχέως
666 3735 964 3805 ἐπήγαγεν,
1008 3731 1079 3784 Ἦ
1094 3730 1448 3798 δικαιοσύνη
1484 3730 1671 3784 αὐτοῦ
1711 3731 1880 3800 μένει
1918 3736 2005 3799 είς

427 3822 536 3875 τὸν
563 3818 745 3872 αἰῶνα
770 3817 876 3873 τοῦ
904 3812 1137 3880 αἰῶνος.
1180 3812 1437 3866 Ἐκείνων
1456 3852 1472 3879 ,
1513 3812 1645 3882 φησὶ
1664 3854 1677 3877 ,
1713 3814 1822 3868 τῶν
1844 3831 2004 3888 σκορ-

427 3902 776 3969 πισθέντωνή
801 3895 1111 3965 δικαιοσύνη
1139 3895 1411 3957 ἀνάλωτος
1440 3896 1577 3968 μένῃ
1590 3897 1636 3966 ιι,
1665 3896 1817 3968 [558]
1842 3900 2003 3953 παντὶ

425 3986 503 4056 τῷ
519 3984 673 4038 αίῶνι
692 3979 1153 4051 παρεκτεινομένη
1185 3978 1277 4030 καὶ
1296 3978 1563 4048 μηδέποτε
1598 3978 1770 4052 πέρας
1794 3980 2003 4051 λαμεά-

433 4086 611 4122 νουσα.
666 4066 774 4119 Καὶ
818 4063 954 4133 μετὰ
1000 4062 1100 4129 τῆς
1144 4061 1510 4131 ἐλεημοσύνης
1560 4062 1655 4114 καὶ
1698 4063 1797 4133 τῆς
1835 4064 2002 4135 ἄλλης

428 4150 626 4221 ἀρετῆς
659 4146 858 4215 πολλὴν
888 4146 986 4213 τὴν
1011 4143 1328 4212 ἐπιμέλειαν
1362 4141 1717 4213 ποιησώμεθα
1741 4186 1755 4208 ,
1797 4149 1890 4199 καὶ
1934 4148 2001 4201 τὰ

430 4233 574 4302 πάθη
610 4231 709 4300 τῆς
738 4228 938 4299 σαρκὸς
969 4226 1439 4295 καταστέλλωμεν,
1467 4227 1559 4278 καὶ
1592 4227 1921 4299 ἐξορίσωμεν
1937 4232 1999 4283 ἐκ

424 4318 523 4386 τῆς
555 4313 761 4368 ἑαυτῶν
801 4311 979 4381 ψυχῆς
1012 4312 1189 4363 πᾶσαν
1221 4309 1512 4379 ἐπιθυμίαν
1552 4311 1748 4365 ἄτοπον
1774 4354 1787 4375 ,
1826 4316 1997 4368 πάντα

424 4397 659 4469 πονηρὸν
687 4395 967 4465 λογισμὸν,
998 4394 1186 4464 ὀργὴν,
1219 4394 1408 4463 θυμὸν,
1445 4393 1760 4463 βασκανίαν,
1786 4399 1878 4450 καὶ
1901 4397 1999 4469 τὴν

424 4480 725 4551 εὐμορφίαν
746 4478 845 4547 τῆς
870 4477 1046 4548 ψυχῆς
1069 4477 1155 4529 διὰ
1183 4478 1397 4529 πάντων
1428 4477 1876 4549 καλλωπίζωμεν,
1911 4482 1996 4533 ἵνα

388 4564 647 4633 ’φαιδρὸν
688 4563 854 4631 αὐτῆς
893 4563 984 4613 καὶ
1027 4562 1276 4631 λαμπρὸν
1316 4559 1376 4613 τὸ
1411 4560 1603 4623 κάλλος
1650 4564 1990 4617 κατασκευά-

424 4664 616 4710 σαντες
641 4643 1073 4713 ἑπισπασώμεθα
1103 4645 1314 4706 ἑαυτοῖς
1355 4643 1446 4696 τὸν
1473 4643 1581 4695 τῶν
1610 4644 1853 4713 οὐρανῶν
1901 4648 1995 4698 Δε-

422 4731 661 4802 σπότην,
707 4730 801 4782 καὶ⁹
848 4726 1014 4798 μονὴν
1054 4728 1181 4796 παρ’
1215 4729 1347 4795 ἡμῖν
1388 4724 1699 4798 καταξιώσῃ
1748 4730 1990 4798 ποιῆσαι.

424 4814 592 4868 Ἔνθα
638 4812 745 4882 γὰρ
797 4812 862 4864 ἂν
914 4810 998 4881 ἴδῃ
1046 4810 1220 4878 ψυχῆς
1264 4809 1585 4878 εὐμορφίαν,
1631 4809 1833 4873 εὐθέως
1881 4813 1996 4863 ἐκεῖ

418 4898 732 4967 ἐφίπταται.
762 4894 932 4957 Αὐτὸς
956 4892 1063 4963 γάρ
1090 4891 1329 4961 εἴρηκεν,
1354 4891 1436 4943 ὅτι
1454 4892 1579 4945 Ἐπί
1606 4892 1738 4943 τίνα
1759 4892 1993 4946 ἐπιϐλέ-

415 4986 535 5049 ψω,
558 4980 695 5036 ἀλλ’
721 4978 756 5046 ἢ
785 4978 883 5031 ἐπὶ
915 4975 1021 5030 τὸν
1045 4973 1267 5042 πρᾶον,
1301 4975 1397 5044 καί
1434 4975 1723 5043 ἡσύχιον,
1757 4976 1853 5029 καί
1893 4992 1992 5029 τα-

415 5064 649 5128 πεινὸν,
697 5062 794 5116 καί
839 5057 1127 5129 τρέμοντά
1165 5076 1284 5129 μου
1338 5058 1479 5123 τοὺς
1513 5060 1779 5127 λόγους;
1842 5055 1995 5124 Εἶδες

414 5148 535 5210 πῶς
560 5148 706 5217 ἡμᾶς
738 5143 976 5208 ἐδίδαξεν
1002 5142 1216 5196 ἅπαντα
1247 5141 1315 5195 τὰ
1346 5142 1689 5212 πνευματικά
1726 5142 1994 5214 χρώματα

416 5231 485 5283 τὰ
506 5230 901 5299 δυνάμεναλτῆς
927 5226 1104 5296 ψυχῆς
1128 5224 1227 5297 τὴν
1248 5225 1551 5296 εὐμορφίαν
1571 5226 1800 5294 φαιδρὰν
1822 5228 1993 5299 ἀπερ-

417 5310 684 5381 γάσασθαι
718 5323 739 5349 ε
766 5330 780 5377 ;
816 5302 945 5373 ἰὰὶ
970 5312 1075 5363 τὸν
1099 5307 1290 5377 πρᾶον
1313 5351 1327 5373 ,
1360 5308 1493 5379 φησὶ
1519 5350 1534 5374 ,
1566 5310 1664 5363 καί
1700 5310 1989 5379 ἡσύχιον,

416 5396 518 5448 καὶ
565 5388 873 5447 ταπεινόν.
898 5446 903 5451 ,
924 5388 1057 5448 Εἶτα
1110 5393 1170 5445 τὸ
1220 5392 1437 5447 πάντων
1494 5391 1993 5446 κατασκευαστικὸν

419 5478 689 5547 ἐπήγαγε,
716 5477 823 5532 Καί
860 5474 1145 5544 τρέμοντα
1170 5492 1288 5543 μου
1320 5474 1459 5540 τοὺς
1487 5474 1729 5541 λόγους.
1776 5475 1841 5527 Τί
1877 5477 1993 5528 ἐστι

422 5562 500 5618 τὸ.
536 5560 645 5615 Καὶ
671 5559 959 5628 τρέμοντά
1144 5557 1291 5622 ’τοὺς
1312 5558 1568 5625 λόγους-ς
1610 5558 1721 5627 Τὴν
1750 5558 1993 5638 ὑπακοὴν

484 5658 510 5687 ⁸
534 5653 759 5712 Quinque
785 5664 899 5712 mss.
922 5652 1031 5711 παρ’
1055 5651 1189 5710 ἡμῶν
1222 5650 1440 5706 ἐπιζητεῖ.

482 5714 512 5753 ι»
536 5709 696 5762 Savil:
716 5718 769 5758 et
788 5709 931 5759 Coisl.
960 5709 1101 5771 μένει.

485 5779 508 5805 ο
542 5768 1080 5835 Ἀπεργάσασθαιεουω
1107 5768 1325 5835 ίιιεόῑιῖε
1348 5778 1450 5833 post
1466 5772 1588 5835 hanc
1613 5783 1781 5835 vocem
1804 5784 1985 5835 seque-

424 5836 602 5885 bantur
637 5832 735 5893 (ίαὶ
759 5834 828 5891 τῷ
848 5832 1011 5894 κάλλει·
1035 5832 1253 5894 σφοδρῶς
1286 5832 1720 5893 ἐξαστράπτεσθαι).
1744 5846 1768 5879 a
1794 5832 1985 5894 sep’tem

432 5912 546 5945 mss.
590 5891 781 5945 absunt,
807 5894 937 5947 adeo
957 5891 1217 5950 ἀνόητοι-ι,
1242 5899 1292 5942 ιιι
1315 5891 1489 5943 mirum
1513 5905 1610 5943 non
1630 5896 1691 5943 :il
1710 5894 1811 5946 si}!
1856 5891 1986 5947 Sui-

420 5958 541 6007 lium
564 5955 853 6007 torrscrinliu
874 5960 1001 6002 nous
1024 5965 1051 6014 ρ
1092 5951 1167 6001 2’5.

1149 311 1205 365 S.
1246 307 1529 364 JOANNIS
1567 304 2006 362 οιηιγδοδτοι

2131 305 2414 363 λιιιιιιΕΡ.
2456 306 3004 365 CONSTANTINOP.

3594 313 3696 367 436

2134 421 2241 475 τῶν
2269 424 2361 476 τοῦ
2400 424 2534 477 Θεοῦ
2564 426 3000 497 προσταγμάτων
3036 423 3100 476 δι’
3149 425 3325 479 αὐτῶν
3367 425 3475 478 τῶν
3527 427 3704 496 ἐργων

2134 505 2448 575 πληροῦντα
2470 546 2484 571 ,
2528 508 2777 579 καθάπερ
2810 509 2902 561 καὶ
2932 506 3165 575 ἀλλαχοῦ
3198 524 3369 576 φησι·
3406 509 3707 575 Μακάριος

2105 586 2202 652 ’ὃς
2257 589 2667 658 καταπτήσσει
2725 590 2921 643 πάντα
2972 588 3045 641 δι’
3105 590 3438 644 εὐλάϐειαν.
3490 592 3555 643 Εἰ
3596 592 3707 660 γὰρ

2132 667 2312 738 ἡμεῖς,
2345 671 2566 724 ἐπειδάν
2621 673 2820 741 ἴδωμεν
2861 672 3076 740 οίκέτην
3116 671 3378 742 ἡμέτερον
3423 674 3542 742 μετ’
3584 674 3707 725 ἐπι-

2136 750 2355 819 μελείας
2396 752 2596 822 πολλῆς
2631 755 2699 806 τά
2744 754 3090 823 ἐπιτάγματα
3134 754 3441 822 πληροῦντα
3467 754 3536 806 τά
3569 753 3707 823 ήμέο

2130 848 2283 901 τερα,
2317 833 2408 885 καὶ
2438 833 2632 888 πολλοῦ
2655 834 2749 888 τοῦ
2776 836 2942 905 φόϐου
2971 836 3179 889 καὶτοῦ
3214 837 3414 905 τρόμου
3432 877 3446 900 ,
3482 836 3701 889 πλείονα

2128 914 2229 985 τὴν
2266 917 2394 985 παρ’
2428 917 2636 970 ἑαυτῶν
2664 916 2875 971 εὔνοιαν
2912 918 3007 970 καὶ
3044 917 3385 987 συμπάθειαν
3421 920 3501 982 είς
3540 919 3699 971 αὐτὸν

2130 995 2543 1067 ἐπιδεικνύμεθα
2567 1015 2581 1030 ⁸
2605 998 2783 1070 πολλῷ
2813 999 3011 1069 μᾶλλον
3042 1000 3108 1053 ἂν
3138 1000 3165 1051 ό
3191 1000 3391 1067 ἀγαθὸς
3427 1002 3699 1070 Δεσπότης

2129 1079 2209 1140 είς
2236 1080 2383 1149 ἡμᾶς
2413 1079 2571 1133 τοῦτο
2600 1081 2950 1152 ἐπιδείξηται.
2978 1082 3076 1133 Διά
3101 1080 3259 1134 τοῦτο
3289 1082 3467 1135 τοίνυν
3495 1083 3695 1151 ἔλεγεν·

2142 1160 2267 1213 Ἐπ’
2294 1161 2528 1216 ἐκεῖνον
2550 1163 2853 1231 ἐπιϐλέψαι
2884 1164 2991 1217 τὸν
3023 1162 3246 1231 πρᾶον,
3287 1165 3382 1219 καί
3420 1165 3697 1233 ἡσύχιον,

2129 1244 2229 1297 καί
2261 1245 2552 1314 τρέμοντὰ
2577 1264 2697 1315 μου
2721 1264 2865 1312 τους
2897 1247 3138 1316 λόγους.
3179 1247 3484 1317 Τρέμωμεν
3500 1249 3697 1308 τοίνυν,

2127 1327 2428 1397 παρακαλῶ
2450 1368 2466 1393 ,
2497 1329 2592 1382 καὶ
2624 1329 2761 1399 μετά
2791 1328 2983 1382 πολλοῦ
3027 1330 3193 1399 φόϐου
3218 1329 3515 1401 πληρῶμεν
3536 1331 3699 1384 αὐτοῦ

2124 1411 2254 1473 τοὺς
2304 1410 2495 1477 λόγους
2520 1428 2532 1442 ·
2556 1412 2721 1465 αὐτοῦ
2762 1413 2868 1483 γάρ
2905 1414 3011 1466 είσι
3053 1412 3202 1481 λόγοι
3243 1413 3311 1466 τά
3361 1415 3496 1485 παρ’
3536 1412 3699 1469 αὐτοῦ

2125 1493 2257 1562 ἡμῖν
2304 1494 2525 1548 δοθέντα
2576 1497 2977 1567 προστάγματα
3017 1512 3030 1525 θ
3079 1499 3174 1549 καὶ
3239 1494 3501 1566 μαθόντες
3559 1497 3700 1550 τίσιν

2125 1574 2438 1646 ἀρέσκεται,
2485 1577 2579 1631 καὶ
2623 1578 2743 1631 τίνα
2803 1579 3101 1650 προσίεται,
3155 1579 3338 1632 ἐκεῖνα
3380 1579 3654 1649 μετίωμεν
3680 1618 3694 1641 ,

2125 1659 2217 1711 καὶ
2254 1659 2483 1714 τοιοῦτοι
2520 1662 2772 1731 γενέσθαι
2808 1661 3216 1732 σπουδάζωμεν,
3242 1662 3494 1732 ἡσυχίαν,
3528 1663 3696 1732 πραό-

2123 1755 2280 1809 τητα,
2319 1744 2645 1797 ταπείνωσιν
2678 1743 2887 1815 πολλὴν
2918 1744 3371 1814 ἐπιδεικνύμενοι,
3399 1746 3495 1797 καὶ
3523 1746 3696 1797 πάντα

2122 1824 2190 1877 τὰ
2225 1826 2356 1897 παρ’
2397 1826 2560 1880 αὐτοῦ
2594 1828 2942 1900 ἐπιτάγματα
3010 1827 3128 1897 μετ’
3167 1827 3451 1890 εὐλαϐείας
3500 1829 3697 1896 πολλῆς

2126 1909 2515 1978 μετερχόμενοι
2544 1910 2637 1963 καὶ
2668 1911 2831 1979 φόϐου
2855 1910 3072 1975 πολλοῦ,
3105 1911 3191 1965 ἵνα
3212 1911 3312 1981 τὴν
3334 1910 3576 1964 διάθεσιν
3601 1914 3698 1982 τῆς

2121 1989 2346 2063 γνώμης
2376 1992 2474 2063 τῆς
2496 1993 2769 2064 ἡμετέρας
2791 1994 3190 2063 ἀποδεξάμενος
3225 1994 3256 2045 ό
3292 1992 3401 2047 τῶν
3443 1995 3697 2047 ἁπάντων

2120 2074 2415 2145 Δεσπότης,
2429 2076 2523 2128 καὶ
2549 2075 2870 2146 ἀρκεσθεὶςά
2897 2078 2929 2147 ή
2939 2076 3051 2145 μῶν
3072 2078 3138 2146 τῇ
3160 2078 3396 2146 ὑπακοῇ,
3412 2077 3694 2146 ἐπιϐλέψαι

2117 2156 2207 2225 ἐφ’
2236 2159 2382 2228 ἡμᾶς
2404 2158 2739 2230 καταξιώσῃ.
2757 2159 2881 2212 Ἐὰν
2900 2161 3009 2230 γάρ
3031 2158 3189 2212 τοῦτο
3220 2162 3443 2228 ποιῆσαι
3464 2161 3692 2213 καταδέ-

2122 2236 2300 2309 ξηται,
2318 2242 2375 2292 ἐν
2392 2241 2540 2313 πάσῃ
2557 2242 2823 2312 ἀσφαλείᾳ
2841 2243 2988 2312 ἡμᾶς
3002 2242 3351 2311 καταστήσει*
3369 2240 3694 2308 Ἐπιὸλέιὲ-ιυ

2120 2323 2251 2393 γάρ,
2280 2324 2465 2394 φησὶν,
2491 2326 2611 2377 ἀντὶ
2635 2325 2751 2389 τοῦ,
2779 2326 3031 2396 προνοίας
3063 2325 3300 2391 ἀξιώσω,
3320 2326 3475 2395 χεῖρα
3503 2324 3689 2394 ὀρέξω,

2120 2407 2176 2458 ἑν
2212 2406 2413 2459 ἅπασιν
2436 2407 2819 2477 ἀντιλήψομαι,
2841 2407 2940 2469 τάς
2962 2410 3089 2478 παρ’
3124 2406 3359 2477 ἐμαυτοῦ
3391 2408 3693 2475 φιλοτιμίας

2123 2489 2262 2559 μετὰ
2293 2489 2573 2558 δαψιλείας
2619 2490 2860 2561 παρέξω.
2902 2491 3085 2544 Ταῦτα
3129 2486 3222 2543 οῦν
3251 2490 3469 2542 ἅπαντα
3500 2490 3691 2559 μετίω-

2122 2591 2241 2643 μεν,
2283 2575 2607 2647 παρακαλῶ,
2655 2576 2741 2628 ἴνα
2783 2574 3052 2647 ἐπιϐλέψῃ
3082 2574 3173 2627 καὶ
3202 2572 3287 2641 ἐφ’
3335 2574 3485 2643 ἡμᾶς
3538 2573 3568 2624 ὁ
3603 2578 3694 2624 Asc

2120 2656 2344 2728 σπότης,
2364 2658 2457 2711 καὶ
2470 2657 2828 2729 δυνηθείημεν
2847 2657 2941 2711 καὶ
2969 2658 3059 2709 τὸν
3086 2654 3325 2725 παρόντα
3342 2656 3458 2725 βίον
3476 2654 3694 2717 ἀλύπως

2118 2739 2384 2803 διανύσαι,
2411 2740 2503 2793 καὶ
2530 2740 2638 2793 τῶν
2670 2740 2969 2812 μελλόντων
3007 2738 3223 2808 ἀγαθῶν
3254 2742 3534 2809 ἐπιτυχεῖν
3553 2780 3569 2799 .
3603 2740 3693 2809 χά-

2122 2839 2226 2891 ριτι
2285 2822 2379 2875 καὶ
2434 2822 2814 2895 φιλανθρωπίᾳ
2869 2824 2965 2877 τοῦ
3040 2822 3244 2890 Κυρίου
3304 2822 3462 2892 ἡμῶν
3526 2821 3690 2892 Ἰησοῦ

2117 2904 2389 2974 Χριστοῦ,
2426 2905 2545 2975 μεθ’
2576 2902 2638 2960 οῦ
2663 2906 2740 2976 τῷ
2774 2906 2950 2978 Πατρὶ
2986 2904 3103 2975 ἅμα
3135 2904 3212 2974 τῷ
3248 2903 3386 2974 ἀγίῳ
3420 2904 3691 2974 Πνεύματι

2116 2988 2263 3055 δόξα,
2297 2988 2517 3059 κράτος,
2554 2988 2707 3061 τιμὴ,
2740 2992 2836 3043 νῦν
2874 2989 2965 3043 καὶ
2985 2989 3091 3053 ἀεὶ,
3120 2988 3215 3041 καὶ
3239 2989 3320 3052 είς
3341 2988 3472 3051 τοὺς
3494 2990 3691 3049 αἰῶνας

2117 3071 2223 3125 τῶν
2254 3071 2484 3126 αἰώνων.
2532 3072 2723 3142 Ἀμήν.

2613 3155 2766 3227 [539]
2789 3156 3033 3227 οΜιΛιΑ
3056 3156 3197 3222 Νςο.

2116 3219 2267 3277 Εἷπε
2312 3224 2381 3304 διὸ
2408 3219 2633 3309 ’[ακὼό
2655 3219 2832 3309 πρός.
2861 3226 3064 3309 ράόαν
3087 3241 3102 3256 ·
3137 3219 3397 3309 "436603;-
3428 3242 3553 3309 ιιοι,
3584 3226 3690 3289 τὴν

2186 3294 2439 3362 γυναῖκὰ
2483 3314 2641 3365 μου·
2676 3295 3094 3365 πεπλήρωνται
3145 3295 3256 3365 τὰρ
3317 3300 3377 3350 αὶ
3438 3296 3648 3365 ἡμέραι
3674 3335 3687 3358 .

2186 3314 2439 3362 γυναικα
2533 3315 2602 3350 ου
2630 3314 2641 3325 ·
2676 3314 3055 3362 πεπαηρωντο

2186 3365 2347 3430 ὅπως
2374 3314 2625 3419 είσέιθω
2659 3366 2811 3434 πρὸς
2842 3364 3055 3430 αὑτήν.

2186 3448 2256 3501 α’.
2274 3447 2406 3501 Ἀπὸ
2433 3451 2531 3520 τῆς
2558 3449 2779 3520 ἀγάπης
2802 3449 2896 3503 τοῦ
2935 3447 3149 3513 Ἰακὼϐ,
3180 3449 3244 3519 ἣν
3279 3449 3409 3519 περὶ
3432 3449 3534 3521 τὴν
3575 3450 3691 3501 Ῥαο

2114 3529 2216 3601 χὴλ
2238 3530 2567 3597 ἐπεδείξατο,
2594 3535 2675 3596 είς
2702 3533 2801 3603 τὴν
2827 3532 3041 3586 Παύλου
3070 3531 3292 3602 ἀγάπην
3328 3531 3689 3601 μεταστάντες

2111 3613 2261 3683 χθὲς,
2305 3616 2399 3668 καὶ
2444 3615 2506 3668 τὸ
2560 3614 2785 3685 μέγεθος
2833 3615 2928 3668 τοῦ
2972 3613 3099 3683 περὶ
3125 3614 3215 3667 τὸν
3252 3615 3491 3684 Χριστὸν
3533 3614 3687 3667 πάθω

2113 3697 2280 3751 αὐτοῦ
2307 3698 2740 3769 καταμαθόντες,
2768 3698 3020 3769 καθάπερ
3046 3698 3147 3750 ὑπὸ
3180 3697 3359 3767 ῥύμης
3387 3698 3539 3761 τινὸς
3571 3716 3689 3767 egw-

2112 3779 2375 3853 δροτέρας
2422 3780 2857 3846 ἐξελκυσθέντες,
2901 3781 3001 3834 οὐκ
3025 3780 3105 3833 ἐτι
3142 3779 3445 3850 ἰσχύσαμεν
3474 3782 3573 3834 ἐπὶ
3600 3784 3688 3851 τὴν

2112 3862 2435 3917 ἀκολουθίαν
2462 3863 2777 3917 ἐπανελθεῖν
2821 3862 2914 3916 τοῦ
2953 3863 3133 3931 λόγου.
3182 3863 3411 3934 Διόπερ,
3445 3866 3493 3916 εί
3517 3865 3687 3928 δοκεῖ,

2115 3950 2352 4018 σήμερον
2384 3949 2496 4010 τοῖς
2526 3946 2653 4016 ἑξῆς
2694 3946 3091 4011 ἐπεξελθόντες.
3140 3946 3209 3999 τὰ
3253 3945 3547 4015 λειφθέντα
3571 3951 3689 4001 ἀνα-

2111 4030 2508 4103 πληρώσωμεν,
2566 4030 2653 4083 ἵνα
2699 4030 2792 4083 καὶ
2837 4030 2902 4083 ἐκ
2938 4028 3048 4081 τῶν
3088 4030 3326 4099 σήμερον
3373 4029 3699 4103 λεγομένων

2112 4110 2389 4185 ἀρκοῦσαν
2410 4112 2677 4181 ὠφέλειαν
2701 4111 3147 4183 καρπωσάμενοι,
3167 4110 3339 4174 οὕτως
3367 4113 3557 4165 οἴκαδε
3594 4115 3684 4166 ἐέ-

2109 4196 2436 4266 ανέλθωμεν.
2478 4195 2695 4266 Ἐπειδὴ
2728 4196 2835 4265 γάρ
2860 4194 3147 4265 ἐπληρώθη
3177 4196 3206 4246 ό
3234 4194 3340 4247 τῶν
3369 4196 3515 4247 ἑπτά
3555 4197 3684 4248 ἑτῶν

2107 4277 2337 4350 ἀριθμὸς
2348 4318 2360 4341 ,
2374 4278 2479 4333 Καὶ
2500 4274 2679 4347 ἦσαν,
2694 4278 2877 4347 φησὶν,
2890 4276 3144 4329 ἐνώπιον
3160 4278 3366 4331 Ἰακὼὸ
3376 4278 3457 4341 ὠς
3476 4278 3686 4347 ἡμέραι

2107 4360 2303 4428 ὀλίγαι
2340 4360 2372 4411 ό
2407 4357 2696 4421 τοσοῦτος
2738 4358 2955 4424 χρόνος
2993 4356 3091 4410 διὰ
3132 4356 3197 4409 τὸ
3225 4357 3470 4425 ἀγαπᾷν
3502 4361 3685 4411 αὺτέν

2106 4438 2318 4506 αὐτὴν,
2351 4432 2479 4490 εἷπε
2504 4433 2583 4499 τῷ
2615 4434 2817 4491 Λάϐαν
2840 4451 2852 4463 ’
2888 4433 3130 4499 Ἀπόδος
3151 4452 3251 4503 μοι
3287 4433 3401 4501 τὴν
3434 4437 3685 4505 γυναῖκα

2099 4535 2219 4585 μου
2242 4533 2257 4547 ·
2298 4514 2714 4581 πεπλήρωνται
2753 4513 2859 4582 γὰρ
2896 4515 2954 4569 αἱ
2980 4512 3185 4580 ἡμέραι
3212 4530 3347 4579 μου,
3374 4514 3543 4580 ὅπως
3566 4519 3684 4568 εεσ-

2104 4597 2256 4650 ἐλθω
2271 4596 2418 4665 πρὸς
2432 4592 2644 4659 αὐτήν.
2668 4592 2973 4661 fumigare
2998 4592 3063 4645 δὲ
3079 4592 3275 4645 Λάϐαν
3295 4591 3535 4660 πάντας
3552 4596 3683 4659 tu”;

2104 4675 2326 4743 ἄνδρας
2359 4673 2466 4726 τοῦ
2492 4673 2700 4738 τόπου,
2748 4671 2843 4724 καὶ
2890 4673 3139 4738 ἐποίησε
3181 4671 3286 4723 τὸν
3321 4672 3541 4741 γάμον.
3584 4675 3681 4728 Καὶ

2102 4754 2339 4823 ἐγένετο
2382 4750 2629 4818 ἑσπέρα,
2682 4752 2781 4803 καὶ
2820 4751 3021 4805 λαϐὼν
3072 4750 3273 4803 Λάϐαν
3320 4754 3509 4805 Λείαν
3577 4756 3683 4819 τὴν

2104 4833 2394 4903 θυγατέρα
2433 4832 2620 4885 αὐτοῦ
2640 4870 2655 4896 ,
2688 4831 3011 4899 εισήγαγεν
3039 4830 3231 4896 αὐτὴν
3262 4830 3413 4897 πρὸς
3456 4830 3676 4885 Ἰακώϐ.

2174 4908 2326 4975 Εἶδες
2348 4912 2409 4963 τὸ
2431 4909 2661 4964 παλαιὸν
2686 4911 2801 4981 μεθ’
2819 4910 2951 4980 ὅσης
2970 4908 3295 4979 σεμνότητος
3320 4912 3449 4972 τοὺς
3467 4913 3682 4980 γάμους

2103 4991 2389 5044 ἐπετέλουν
2417 5008 2432 5055 ;
2470 4990 2832 5049 ’Δκούσατε.οἱ
2855 4988 2983 5058 περὶ
3012 4988 3107 5051 τὰς
3133 4988 3429 5051 σαταννικάς
3454 4991 3682 5061 πομπάς

2102 5068 2449 5140 ἐπτοημένοι,
2486 5070 2577 5121 καὶ
2621 5068 2678 5133 ἐξ
2724 5066 2901 5119 αὐτῶν
2939 5066 3046 5119 τῶν
3083 5068 3381 5137 προοιμίων
3413 5069 3483 5120 τὰ
3512 5069 3683 5139 σεμνᾶ

2101 5148 2194 5201 τοῦ
2224 5150 2402 5217 γάμου
2439 5146 2907 5216 καταισχύνοντες.
2942 5146 3032 5216 Μή
3076 5162 3175 5198 που
3218 5146 3414 5207 αὐλοί;
3456 5150 3535 5217 μή
3587 5167 3678 5200 πον

2104 5228 2393 5299 κύμϐαλα;
2451 5228 2523 5297 μή
2576 5243 2677 5279 που
2722 5226 2928 5295 χορεῖαι
2992 5224 3307 5291 σατανικαί;
3366 5226 3531 5290 Τίνος
3579 5228 3678 5295 γὰρ

2101 5307 2308 5369 ἕνεκεν,
2338 5306 2460 5359 εἰπέ
2496 5323 2606 5376 μοι,
2637 5303 2905 5373 τοσαύτην
2930 5301 3105 5373 λύμην
3130 5303 3329 5366 εὐθέως
3364 5305 3677 5374 ἐπεισάγεις

2102 5389 2180 5450 είς
2235 5386 2331 5457 τὴν
2369 5385 2583 5447 οίκίαν,
2629 5386 2721 5449 καὶ
2761 5384 2889 5445 τοὺς
2930 5382 3038 5435 ἀπὸ
3079 5381 3179 5448 τῆς
3220 5383 3428 5452 σκηνῆς
3462 5384 3562 5436 καὶ
3588 5386 3676 5449 τῆς

2100 5468 2407 5537 ὀρχήστρας
2434 5464 2637 5526 καλεῖς,
2664 5464 2750 5515 ἵνα
2782 5461 2919 5532 μετά
2945 5460 3042 5531 τῆς
3064 5460 3288 5530 ἀκαίρου
3310 5461 3565 5531 δαπάνης
3593 5464 3674 5513 καὶ

2100 5548 2198 5617 τὴν
2248 5540 2343 5615 τῆς
2398 5544 2565 5613 κόρης
2608 5541 2821 5614 λυμήνῃ
2856 5538 3231 5609 σωφροσύνην,
3285 5540 3379 5592 καὶ
3430 5541 3524 5592 τὸν
3566 5541 3673 5591 νέην

2102 5622 2579 5693 ἀναισχυντότερον
2619 5620 2857 5691 ἐργάσῃ;
2899 5618 3202 5688 Ἀγαπητὸν
3238 5618 3378 5687 γὰρ,
3430 5621 3527 5673 καὶ
3554 5620 3671 5672 ἄνευ

2101 5704 2303 5759 τούτων
2356 5701 2464 5755 τῶν
2519 5699 2958 5770 ὑπεκκαυμάτων
2983 5738 2997 5759 ,
3053 5697 3268 5766 ἐκείνην
3318 5697 3419 5767 τὴν
3463 5698 3670 5766 ἠλικίαν

2102 5779 2391 5850 δυνηθῆναι
2420 5778 2609 5847 πράως
2635 5777 2877 5842 ἐνεγκεῖν
2906 5773 2994 5826 τὸν
3022 5772 3267 5843 χειμῶνα
3302 5775 3412 5826 τῶν
3439 5775 3625 5826 παθῶν
3654 5791 3661 5797 -

2096 5859 2223 5912 ὅταν
2256 5858 2313 5910 δέ
2343 5857 2436 5909 καὶ
2471 5853 2708 5907 τοσαῦτα
2806 5854 2871 5907 τά
2898 5852 2985 5905 διά
3016 5853 3113 5919 τῆς
3139 5852 3314 5921 ὂψεως
3342 5855 3436 5904 καὶ
3459 5851 3549 5903 διά
3578 5851 3662 5915 τῆς

2054 6000 2055 6003 η
2160 5954 2185 5996 ά
2206 5958 2353 6008 Ξειγιι.
2390 5964 2440 6007 ει
2461 5956 2631 6005 Morel.
2662 5956 2919 6019 :‘vpv.ea6e€;,
2939 5954 3079 6003 mulli
3098 5968 3215 6004 mss.
3238 5957 3315 6003 καὶ
3342 5954 3569 6018 ἀρεσθείς.
