3782 6262
201 280 330 338 483

210 394 336 445 lum
360 389 561 454 reddit,
598 386 696 441 sed
721 400 840 440 cum
881 383 982 437 illis
1009 395 1224 449 regnum
1255 377 1503 432 oculorum
1527 372 1708 433 donat,
1740 377 1793 423 et

211 485 483 544 celebrat,
510 489 673 549 atque
696 486 935 541 coronat,
981 476 1360 540 iuunmeraque
1390 468 1522 521 bona
1554 463 1794 531 largitur,

214 575 386 627 modo
414 588 479 624 ex
503 570 567 623 iis
592 583 715 638 qua:
738 569 805 621 ab
834 567 948 633 ipso
986 564 1107 618 data
1152 570 1275 632 sunt
1306 571 1521 628 parvum
1549 551 1796 623 quiddam

213 664 425 718 inferre
450 661 796 715 voluerimus.
822 658 955 711 Num
998 668 1158 724 grave
1186 649 1382 720 aliquid
1419 656 1473 703 et
1514 655 1797 699 onerosum

212 770 250 806 a
281 754 438 807 nobis
466 751 733 820 requirit?
773 748 848 803 Ea
877 762 992 817 quae
1018 743 1285 799 abundant
1305 749 1360 794 et
1406 746 1799 816 supegvaeanea

212 853 353 898 sunt
383 842 554 907 nobis,
582 839 875 895 necessaria
906 836 1055 892 nobis
1083 834 1257 887 facere
1278 830 1396 885 vult
1421 846 1445 883 ι
1464 837 1518 882 et
1542 840 1660 896 qua:
1688 825 1800 877 fru—

217 946 337 989 stra
366 934 485 988 etin
505 947 694 985 vanum
718 931 768 983 in
788 925 1166 997 promptuariis
1189 922 1418 992 reposita
1442 926 1584 979 sunt,
1611 930 1673 970 ea
1691 913 1803 967 vult

219 1040 255 1077 a
286 1025 441 1078 nobis
466 1023 598 1077 bene
622 1019 887 1081 distribui,
914 1026 969 1069 ut
994 1014 1270 1069 occasione
1287 1020 1505 1079 accepta
1529 1007 1673 1071 hinc,
1705 1019 1802 1059 nos

215 1113 509 1184 Splendide
534 1119 770 1165 coronet.
803 1109 1039 1162 Festinat
1059 1106 1203 1160 enim
1231 1113 1283 1158 et
1309 1111 1475 1169 urget,
1505 1108 1662 1168 atque
1689 1111 1803 1150 om-

224 1204 317 1257 nia
341 1204 464 1256 facit
508 1210 561 1257 et
588 1200 819 1263 molitur,
859 1207 915 1251 ut
938 1195 1126 1266 dignos
1150 1209 1245 1249 nos
1271 1192 1454 1247 reddat
1478 1190 1540 1244 iis
1566 1201 1684 1258 qua:
1719 1186 1805 1240 ille

222 1294 498 1367 promisit.

305 1386 363 1438 5.
392 1382 727 1451 Efeemosyna
755 1376 1149 1430 commendatur.
1170 1402 1240 1412 —
1267 1369 1345 1425 Ne
1370 1368 1549 1440 igitur,
1578 1379 1759 1436 qumso
1787 1404 1803 1431 ,

224 1474 480 1543 nosipsos
534 1471 799 1540 privemus
853 1465 1011 1520 tantis
1057 1463 1230 1518 bonis.
1282 1460 1413 1515 Nam
1459 1459 1502 1513 si
1557 1452 1807 1510 laboriosi

225 1562 481 1635 agricola:
505 1574 700 1632 penum
731 1572 881 1612 suum
899 1562 1173 1617 evacuant,
1205 1560 1259 1606 et
1286 1548 1485 1604 semina
1509 1555 1663 1601 terra:
1683 1559 1809 1598 con-

227 1653 477 1717 credunt,
508 1660 562 1705 et
587 1651 712 1705 olim
739 1647 957 1703 collecta
980 1644 1312 1712 dispergunt,
1341 1639 1499 1708 idque
1540 1651 1662 1691 cum
1710 1650 1808 1689 vo-

231 1745 438 1813 luptate
470 1741 692 1805 faciunt,
711 1753 805 1807 spe
826 1737 1026 1805 majora
1048 1730 1338 1802 recipiendi
1364 1745 1423 1785 se
1452 1728 1684 1783 solantes
1716 1742 1729 1779 :
1757 1734 1812 1779 et

230 1835 479 1906 quamvis
493 1832 664 1886 sciant
686 1827 977 1898 saepeaeris
1001 1823 1390 1892 intemperiem,
1415 1830 1810 1886 nonnumquam

231 1936 291 1984 et
321 1936 477 1981 terrae
506 1923 840 1979 sterilitatem
884 1920 1094 1987 aliaque
1121 1916 1283 1971 multa
1311 1912 1623 1977 accidentia,
1656 1919 1713 1964 ut
1734 1909 1814 1963 lo-

232 2029 510 2073 euStarum
537 2013 829 2069 exercitum
859 2012 874 2041 ¹
895 2051 910 2077 ,
943 2020 997 2064 et
1024 2006 1280 2076 rubiginis
1306 2006 1598 2068 incursum,
1625 2014 1814 2067 exspe-

233 2107 525 2162 ctationem
573 2117 723 2157 suam
772 2099 1067 2163 fefellisse;
1097 2104 1330 2151 attamen
1379 2094 1517 2147 bona
1563 2105 1659 2159 spe
1695 2102 1815 2143 sese

234 2199 470 2261 alentes,
498 2210 559 2249 ea
583 2208 700 2261 quae
725 2193 778 2245 in
804 2188 1182 2260 promptuariis
1207 2187 1427 2241 collecta
1458 2192 1615 2248 sunt,
1658 2191 1815 2236 terrae

234 2290 569 2345 concreduut
599 2304 612 2339 :
645 2285 809 2340 multo
830 2283 997 2351 magis
1014 2295 1110 2334 nos
1124 2294 1241 2348 qua;
1266 2276 1465 2346 absque
1496 2288 1593 2328 usu
1620 2287 1814 2327 recon-

235 2381 352 2435 dita
379 2389 520 2443 sunt,
552 2377 857 2445 dispergere
879 2373 930 2425 in
962 2384 1250 2440 pauperum
1282 2382 1408 2421 usus
1443 2374 1498 2419 et
1542 2362 1815 2419 educatio-

239 2485 367 2524 nem
394 2468 661 2531 convenit,
686 2464 774 2517 ubi
800 2474 1087 2529 numquam
1110 2472 1232 2528 spes
1252 2456 1502 2523 eluditur,
1530 2467 1702 2522 neque
1749 2452 1817 2506 ti~

238 2559 431 2615 menda
456 2558 627 2625 aliqua
678 2563 831 2611 terra:
857 2551 1129 2605 sterilitas.
1160 2548 1293 2602 Dicit
1319 2546 1460 2601 enim
1492 2562 1505 2599 :
1534 2541 1813 2613 Dispersit,

239 2652 383 2706 dedit
402 2648 727 2721 pauperibus.
755 2644 860 2701 Sed
890 2643 1012 2698 audi
1038 2642 1197 2697 etiam
1220 2655 1338 2709 qua:
1360 2645 1654 2707 sequuntur
1686 2652 1704 2690 :
1729 2633 1822 2687 Ju-

237 2746 381 2800 stitia
409 2747 517 2813 ejus
533 2749 699 2794 manet
719 2739 770 2792 in
794 2738 1037 2792 steculum
1058 2734 1234 2789 steculi
1257 2730 1431 2805 (Psaf.
1468 2729 1591 2784 111.
1623 2727 1655 2783 9
1683 2725 1725 2798 ).
1777 2727 1821 2779 υ

238 2838 541 2893 mirabilem
571 2832 896 2889 sementem!
930 2828 1081 2883 Brevi
1113 2837 1351 2895 tempore
1378 2820 1667 2888 distribuit,
1691 2819 1819 2874 etin

241 2938 496 2999 perpetua
522 2924 713 2980 saecula
732 2921 933 2992 justitia
954 2920 1069 2988 ejus
1103 2922 1394 2987 permanet.
1414 2911 1549 2981 Quid
1567 2911 1671 2967 hoc
1690 2911 1819 2966 bea-

244 3021 357 3075 tius
384 3031 633 3086 umquam
660 3012 855 3069 fuerit?
881 3010 1080 3065 Idcirco
1105 3021 1224 3073 oro,
1254 3014 1313 3060 ut
1335 3003 1592 3074 justitiam
1618 3017 1737 3073 qum
1752 3016 1820 3056 ex

244 3110 589 3176 eleemosyua
611 3112 695 3160 est
721 3103 872 3157 nobis
899 3100 1257 3169 acquiramns,
1280 3105 1337 3150 ut
1361 3104 1416 3150 et
1443 3094 1509 3148 de
1535 3092 1687 3148 nobis
1737 3092 1821 3147 di-

238 3210 434 3257 catur:
470 3199 865 3267 Disperserunt,
914 3192 1173 3247 dederunt
1224 3188 1578 3258 pauperibus,
1619 3184 1822 3254 justitia

240 3307 433 3348 eorum
458 3296 638 3343 manet
663 3288 716 3341 in
746 3283 994 3339 sacculum
1022 3280 1222 3335 smculi.
1254 3278 1539 3348 Postquam
1566 3275 1707 3329 enim
1742 3273 1823 3327 di-

240 3384 344 3445 xit,
373 3380 648 3450 Dispersit,
676 3376 836 3441 dedit,
870 3389 938 3428 ne
976 3382 1132 3442 putes
1158 3370 1397 3439 dispersa
1427 3365 1671 3436 periisse,
1705 3363 1824 3417 ideo

240 3472 425 3527 statim
454 3468 689 3525 subdidit
714 3486 727 3521 :
750 3465 960 3519 Iustitia
987 3464 1096 3531 ejus
1121 3470 1287 3515 manet
1300 3460 1353 3513 in
1369 3457 1610 3512 swctdum
1626 3454 1820 3510 strculi.

241 3561 378 3626 Illis,
405 3561 597 3628 inquit,
625 3554 901 3625 dispersis,
921 3550 1123 3622 justitia
1146 3556 1359 3603 maneat
1376 3544 1818 3611 inexpugnabilis,

240 3653 385 3710 etin
414 3665 572 3706 omne
618 3647 872 3703 saeculum
924 3658 985 3699 se
1032 3640 1287 3697 extendat
1327 3652 1615 3708 numquam
1664 3635 1822 3689 finem

242 3746 516 3801 habitura.
552 3742 720 3810 Atque
742 3753 864 3794 cum
891 3737 1230 3804 eleemosyna
1261 3732 1420 3786 etiam
1444 3729 1574 3783 alias
1604 3728 1824 3782 virtutes

240 3836 527 3904 diligenter
549 3844 814 3893 curemus,
848 3836 903 3882 et
926 3825 1233 3880 ali‘ectiones
1256 3820 1430 3876 carnis
1447 3821 1823 3888 reprimamus,

240 3936 307 3983 et
356 3925 692 3981 eliminemus
725 3936 792 3975 ex
828 3919 1002 3972 anima
1037 3926 1251 3970 omnem
1295 3911 1527 3966 illicitam
1569 3908 1825 3979 concupi-

241 4016 525 4078 scentiam,
548 4027 758 4069 omnem
776 4010 967 4065 malam
985 4006 1378 4076 cogitationem,
1405 4002 1560 4067 iram,
1584 3999 1829 4071 indigna-

243 4108 472 4171 tionem,
505 4102 757 4159 invidiam
779 4118 794 4167 ;
817 4109 871 4155 et
890 4110 1141 4153 ornemus
1162 4093 1409 4149 omnibus
1436 4091 1607 4149 modis
1632 4091 1826 4145 animae

243 4198 717 4271 pulchritudinem,
742 4203 796 4249 ut
822 4194 1062 4248 claritate
1096 4188 1505 4260 pulchritudinis
1543 4186 1657 4256 ejus
1698 4200 1827 4242 con-

241 4291 497 4346 ciliemus
524 4288 678 4342 nobis
709 4285 962 4341 caelorum
992 4282 1296 4347 Dominum,
1330 4287 1386 4334 et
1413 4278 1551 4349 apud
1596 4292 1693 4334 nos
1733 4276 1828 4332 ha-

242 4384 422 4439 bitare
448 4380 712 4450 dignetur.
748 4377 878 4431 Nam
915 4376 1003 4429 ubi
1048 4371 1440 4429 videritanimae
1468 4379 1825 4437 venustatem,

243 4473 430 4529 statim
458 4470 722 4525 adveniet.
751 4467 891 4522 Dixit
907 4465 1048 4521 enim
1076 4481 1091 4517 :
1124 4462 1291 4532 Super
1310 4476 1458 4532 quem
1483 4461 1642 4513 alium
1662 4461 1827 4530 respi-

241 4565 382 4619 ciam
402 4578 551 4634 quant
578 4575 732 4628 super
760 4565 1075 4611 mansuetum
1101 4562 1148 4606 et
1173 4553 1396 4621 quietum
1420 4559 1464 4605 et
1489 4551 1751 4614 humilem,
1777 4558 1826 4604 et

244 4661 537 4708 trementem
562 4664 820 4704 sermones
845 4662 980 4699 meos
1002 4642 1059 4716 (1
1068 4643 1165 4697 sai.
1194 4641 1281 4697 66.
1312 4642 1367 4711 2)
1394 4640 1418 4694 ?
1474 4639 1660 4694 Vidisti
1687 4654 1825 4708 quo-

244 4745 412 4801 modo
456 4757 555 4797 nos
576 4740 760 4795 docuit
786 4751 973 4793 omnes
1009 4734 1312 4805 spirituales
1354 4732 1584 4795 colores,
1636 4729 1828 4800 quibus

242 4837 443 4891 anima:
469 4830 808 4904 pulchritudo
836 4836 1013 4899 potest
1055 4824 1337 4882 decorari?
1382 4824 1553 4892 Super
1591 4838 1827 4877 mansue-

245 4938 379 4993 tum,
404 4925 593 4994 inquit,
632 4930 678 4977 et
698 4922 942 4994 quietum,
975 4928 1024 4973 et
1049 4917 1309 4972 humilem.
1340 4913 1543 4971 Deinde
1558 4914 1698 4984 quod
1715 4914 1827 4969 hmo

244 5018 428 5074 omnia
457 5015 627 5072 eflieit
667 5011 909 5067 addidit:
941 5007 1008 5064 Et
1053 5017 1340 5063 trementem
1370 5021 1624 5063 sermones
1670 5020 1823 5061 meos.

243 5110 389 5177 Quid
429 5120 532 5175 est,
589 5108 907 5163 Trementem
953 5121 1203 5161 serntones
1248 5103 1425 5158 meas?
1460 5100 1825 5157 Obedientiam

247 5202 345 5257 Dei
372 5200 635 5257 mandatis
656 5215 751 5271 per
769 5202 889 5269 ipsa
904 5213 1065 5268 Opera
1097 5195 1429 5266 itnplentem,
1453 5192 1676 5264 quodet
1700 5190 1827 5245 alibi

243 5294 380 5350 dicit
403 5311 417 5347 :
450 5292 636 5348 Beatus
661 5292 748 5363 qui
778 5292 913 5346 timet
938 5289 1106 5344 omnia
1131 5296 1335 5358 prapter.
1365 5288 1600 5356 pietatem
1628 5284 1824 5356 (Prov.

240 5386 338 5441 28.
354 5384 465 5455 M).
480 5382 613 5438 Nam
626 5383 799 5447 sinos,
822 5381 941 5438 cuin
960 5378 1462 5436 videmusfamulum
1482 5378 1570 5448 qui
1583 5376 1828 5431 mandata

241 5486 432 5536 nostra
452 5489 574 5531 eum
588 5473 858 5543 diligentia
888 5473 1183 5543 timoreque
1206 5470 1374 5528 multo
1391 5485 1453 5527 ac
1472 5479 1704 5526 tremore
1725 5458 1827 5523 im;

304 5648 317 5678 ι
351 5638 759 5707 Vox,e.rercitum
779 5639 1154 5706 (στρατόπεδον),
1173 5640 1318 5693 deest
1337 5639 1386 5689 in
1408 5636 1696 5701 quibusdam
1718 5637 1830 5688 Mss.

1246 266 1307 320 ΙΝ
1348 262 1496 319 CAP.
1540 256 1729 315 XXIX.
1773 252 2015 311 GENES.
2048 254 2272 309 IIOMIL.
2316 252 2446 309 LVI.

3368 247 3478 304 188

1904 366 2048 433 plere
2076 374 2244 429 curat,
2272 366 2527 434 majorem
2552 378 2675 432 erga
2707 362 2850 416 illum
2881 361 3212 416 declaramus
3240 360 3472 416 benevo-

1904 457 2119 511 lentiam
2172 468 2234 511 et.
2271 457 2787 512 conimiserationem
2827 471 2841 507 :
2888 455 3055 508 multo
3098 456 3264 523 magis
3303 454 3475 506 bonus

1906 550 2158 603 Dominus
2178 565 2303 620 erga
2326 566 2421 603 nos
2442 549 2491 603 id
2518 548 2826 603 declarabit.
2859 547 3082 616 Pr0pter
3110 546 3210 599 hoc
3241 544 3470 599 dicebat:

1906 638 2073 708 Super
2101 640 2245 692 illum
2275 641 2557 709 respiciam.
2578 647 2890 691 mansuetum
2925 646 2971 689 et
2998 637 3255 704 quietum,
3297 643 3343 687 et
3386 645 3475 687 tre-

1905 742 2117 785 mentem
2134 747 2387 785 sermones
2417 748 2569 785 meos.
2607 730 2918 785 Tremamus
2943 728 3122 798 igitur,
3154 734 3475 789 oro,etcum

1905 833 2097 889 magno
2137 821 2325 876 timore
2356 834 2630 875 sermones
2668 821 2784 889 ejus
2818 818 3165 888 impleamus;
3195 829 3317 871 nam
3360 813 3479 882 ejus

1906 921 2031 968 sunt
2054 926 2329 968 sermones
2354 913 2507 967 nobis
2529 912 2598 967 ab
2625 913 2715 966 illo
2740 912 2930 967 tradita
2954 909 3201 963 mandata
3232 925 3246 961 :
3280 916 3475 961 etcum

1906 1002 2248 1057 didicerimus
2268 1017 2385 1070 qua).
2409 1001 2484 1056 illi
2512 1001 2750 1071 placent,
2796 1008 2851 1056 et
2878 1015 2996 1069 qua:
3038 1000 3245 1068 probat,
3283 1011 3345 1051 ea
3385 996 3484 1050 ob-

1909 1111 2113 1161 eamus,
2132 1104 2186 1150 et
2209 1095 2344 1150 tales
2370 1094 2483 1149 ﬁeri
2513 1094 2859 1159 studeamus;
2887 1093 3144 1162 quietem,
3173 1098 3480 1144 mansuetu-

1908 1187 2113 1251 dinem,
2136 1186 2488 1240 humilitatem
2511 1199 2758 1254 magnam
2809 1183 3175 1245 exhibeamus,
3217 1190 3273 1237 et
3299 1182 3480 1236 omnia

1909 1295 2028 1350 qua:
2067 1278 2135 1334 ab
2170 1294 2235 1334 eo
2271 1277 2518 1333 mandata
2560 1288 2684 1331 sunt
2711 1290 2832 1330 cum
2869 1277 3183 1330 reverentia.
3207 1283 3262 1329 et
3296 1274 3495 1327 timore.

1910 1371 2334 1441 adimpleamus:
2374 1380 2429 1425 ut
2484 1384 2605 1424 cum
2649 1366 2955 1438 approbarit
2997 1365 3246 1420 ali'ectum
3293 1365 3488 1419 mentis

1912 1471 2130 1530 nostrre,
2161 1462 2396 1531 placatus
2444 1469 2621 1514 nostra
2652 1458 2973 1521 obedientia,
3019 1455 3283 1523 respicere
3325 1452 3503 1507 etiam.

1912 1568 2075 1623 super
2102 1566 2200 1607 nos
2224 1551 2490 1621 dignetur.
2528 1548 2680 1617 Quod
2701 1548 2744 1603 si
2786 1546 2940 1602 nobis
2964 1545 3258 1614 continget,
3292 1543 3499 1597 erimus,

1914 1660 2012 1715 per
2037 1644 2213 1699 omnia
2244 1642 2458 1698 securi:
2490 1641 2620 1697 dicit
2639 1639 2803 1705 enim,
2858 1638 3147 1707 Respiciam
3168 1676 3183 1700 ,
3232 1635 3334 1690 hoc
3361 1645 3444 1689 εει
3469 1673 3486 1698 ,

1915 1735 2257 1792 Providentia
2280 1748 2395 1789 mea
2420 1732 2699 1802 dignabor,
2729 1745 2945 1784 manum
2976 1728 3267 1798 porrigam,
3302 1725 3353 1779 in
3373 1740 3487 1778 om-

1916 1825 2073 1880 nibus
2100 1824 2383 1878 auxiliator
2406 1837 2525 1887 ero,
2556 1820 2782 1876 ubertim
2807 1820 2858 1873 in
2889 1834 3011 1872 eum
3042 1832 3214 1871 meam
3263 1813 3493 1869 liberali-

1917 1928 2079 1973 tatem
2095 1915 2428 1986 profundam.
2447 1914 2570 1968 [late
2587 1913 2741 1983 igitur
2756 1911 2935 1965 omnia
2955 1910 3227 1971 faciamus,
3245 1907 3494 1970 obsecro,

1917 2017 1977 2063 ut
2004 2007 2251 2077 respiciat
2282 2020 2443 2074 super
2476 2020 2571 2059 nos
2601 2003 2885 2067 Dominus,
2939 2015 3043 2068 quo
3079 2007 3133 2053 et
3177 2005 3493 2067 przeseutem

1918 2099 2078 2153 vitam
2109 2097 2310 2165 absque
2342 2095 2551 2149 tristitia
2587 2092 2937 2162 transigamus
2959 2130 2974 2153 ,
3022 2097 3077 2144 et
3125 2088 3299 2142 futura
3348 2087 3486 2140 bona

1918 2188 2171 2257 consequi
2194 2186 2480 2255 possimus,
2501 2184 2666 2254 gratia
2714 2193 2768 2237 et
2794 2181 3119 2249 benignitate
3161 2177 3363 2231 Domini
3404 2191 3499 2229 no-

1921 2282 2016 2335 stri
2037 2279 2163 2334 Jesu
2184 2278 2401 2347 Christi,
2422 2292 2541 2331 cum
2560 2290 2666 2345 quo
2695 2274 2835 2328 Patri
2862 2271 3020 2327 simul
3049 2280 3101 2325 et
3132 2267 3349 2337 Spiritui
3376 2283 3499 2322 sano

1921 2380 2007 2425 ctu
2033 2370 2103 2426 sit
2122 2368 2309 2440 gloria,
2339 2366 2644 2435 imperium,
2676 2364 2873 2430 honor,
2900 2378 3041 2418 nunc
3071 2370 3131 2415 et
3152 2374 3363 2428 seraper
3384 2399 3401 2426 ,
3443 2364 3502 2412 et

1923 2466 1977 2519 in
2003 2463 2196 2519 saecula
2221 2461 2559 2518 smculorum.
2583 2460 2777 2513 Amen.

2487 2572 2762 2629 HOMILIA
2802 2571 2937 2627 LVI.

1925 2679 2066 2733 Dixit
2089 2684 2254 2731 autem
2278 2671 2438 2726 Iacob
2465 2670 2533 2723 ad
2560 2667 2736 2722 Laban
2763 2684 2782 2721 :
2813 2665 2895 2719 Da
2917 2664 3038 2717 mihi
3060 2676 3268 2716 uxorem
3297 2674 3460 2711 meam
3480 2674 3517 2712 :‘

1994 2765 2186 2836 impleti
2205 2773 2322 2817 sunt
2347 2764 2480 2815 enim
2504 2759 2631 2823 dies,
2672 2765 2725 2811 ut
2766 2756 3025 2826 ingrediar
3068 2752 3135 2805 ad
3179 2767 3289 2805 eam
3335 2746 3500 2819 (Gen.

1992 2858 2223 2929 29.21).

1997 2953 2049 3006 1.
2079 2949 2204 3005 Heri
2233 2962 2263 3002 a
2285 2945 2568 3003 dilectione
2595 2940 2779 3005 Jacob,
2830 2952 2989 3009 quam
3038 2951 3164 3005 erga
3212 2932 3503 2988 Rachelcm

1925 3041 2181 3106 exhibuit,
2208 3039 2275 3095 ad
2302 3037 2450 3093 Pauli
2475 3036 2747 3091 caritatem
2767 3041 2821 3087 et
2843 3028 3259 3100 magnitudinem
3283 3025 3513 3090 amoris,

1926 3149 2084 3205 quem
2112 3145 2239 3201 erga
2263 3129 2533 3186 Christum
2558 3124 2793 3197 gerebat,
2838 3127 3175 3177 transeuntes
3194 3159 3210 3185 ,
3253 3115 3406 3187 quasi
3439 3116 3515 3169 ab

1928 3226 2227 3296 impetuoso
2256 3220 2485 3293 quodam
2521 3225 2756 3272 torrente
2782 3213 2939 3284 rapti,
2987 3226 3095 3265 non
3132 3209 3401 3279 potuimus
3440 3205 3509 3259 ad

1926 3320 2119 3374 seriem
2146 3324 2201 3371 et
2219 3322 2526 3370 contextum
2550 3308 2814 3365 sermonis
2838 3304 3065 3376 regredi.
3088 3302 3231 3365 ideo,
3248 3300 3293 3355 si
3314 3299 3525 3369 placet,

1914 3407 2087 3464 .hodie
2130 3404 2408 3476 sequentia
2434 3400 2690 3473 aggressi,
2737 3412 2800 3453 ea
2838 3411 2958 3467 quae
2992 3403 3121 3450 tunc
3162 3394 3345 3448 relicta
3388 3403 3512 3446 sunt

1928 3500 2285 3569 impleamus:
2310 3505 2367 3550 ut
2403 3508 2471 3549 ex
2510 3492 2577 3547 iis
2620 3503 2739 3560 quae
2785 3487 2943 3542 hodie
2987 3484 3234 3541 dicuntur
3264 3490 3531 3553 percepta.

1930 3591 2159 3648 utilitate
2205 3587 2402 3657 aliqua,
2436 3584 2653 3638 domum
2684 3588 3013 3649 repetamus.
3046 3576 3206 3647 Igitur
3234 3582 3515 3644 postquam

1930 3682 2184 3751 impletus
2200 3687 2281 3733 est
2307 3686 2510 3747 septem
2540 3687 2800 3727 annorum
2831 3683 3107 3734 numerus,
3157 3666 3248 3720 20.
3296 3664 3364 3718 Et
3406 3666 3513 3734 fue-

1930 3780 2067 3836 runt,
2092 3772 2280 3841 inquit,
2310 3783 2481 3822 coram
2501 3766 2663 3820 Iacob
2684 3763 2825 3832 quasi
2857 3762 2963 3815 dies
2985 3759 3135 3830 pauci
3165 3767 3246 3812 tot
3273 3756 3397 3810 anni
3447 3756 3509 3809 ob

1930 3863 2117 3918 amoris
2142 3859 2520 3924 vehementiam,
2568 3857 2658 3911 21.
2692 3854 2820 3911 dixit
2862 3852 2930 3906 ad
2973 3851 3153 3904 Laban
3201 3865 3219 3903 :
3265 3847 3348 3903 Da
3390 3847 3513 3901 milii

1930 3972 2139 4012 uxorem
2162 3970 2325 4008 meam
2349 3968 2368 4007 :
2394 3950 2586 4022 impleti
2607 3949 2741 4004 enim
2763 3956 2880 4001 sunt
2905 3946 3010 3999 dies
3028 3944 3144 4007 mei,
3174 3954 3228 3995 ut
3255 3940 3517 4011 ingrediar.

1935 4048 2003 4102 ad
2032 4064 2163 4102 eam.
2191 4046 2281 4099 22.
2315 4041 2650 4115 Congregavit
2670 4049 2836 4094 autem
2863 4035 3039 4090 Laban
3068 4049 3239 4088 omnes
3271 4033 3406 4085 viros
3434 4030 3513 4085 lo:

1932 4141 1999 4205 ci,
2027 4149 2073 4193 et
2100 4138 2216 4210 fecit
2242 4139 2467 4206 nuptias.
2490 4134 2582 4188 23.
2604 4131 2668 4186 Et
2696 4132 2887 4203 factum
2913 4137 2983 4185 est
3004 4140 3225 4196 vespere,
3249 4133 3294 4177 et
3318 4121 3525 4193 accepit.

1932 4231 2110 4287 Laban
2134 4230 2280 4283 Liam
2317 4228 2477 4297 ﬁliam
2500 4241 2665 4289 suam,
2698 4220 3075 4289 intraduxitque
3100 4233 3211 4270 eam
3235 4215 3301 4268 ad
3327 4213 3517 4269 Jacob.

2004 4325 2072 4379 In
2100 4325 2351 4379 satanicas
2376 4321 2667 4391 nuptiarum
2699 4310 3200 4387 pompasinueltitur.
3219 4338 3293 4371 -τ
3322 4306 3535 4364 Vidisti,

1933 4434 2053 4473 eum
2081 4425 2274 4487 quanta
2303 4414 2429 4468 olim
2474 4410 2753 4465 honestate
2784 4404 2994 4475 nuptias
3034 4399 3275 4473 egerint?
3321 4397 3515 4451 Audite

1933 4512 2021 4581 qui
2052 4508 2314 4563 satanieas
2339 4517 2559 4574 pompas
2586 4495 2944 4561 admiramini,
2974 4502 3029 4548 et
3058 4491 3239 4549 statim
3266 4489 3334 4543 ab
3360 4487 3531 4545 initio.

1935 4602 2235 4672 nuptiarum
2262 4599 2595 4652 honestatem
2622 4590 2885 4646 dedecore
2923 4586 3152 4641 aflieitis.
3204 4581 3339 4637 Num
3388 4589 3534 4641 tunc~

1936 4671 2111 4748 tibiae?
2140 4704 2265 4746 num
2292 4697 2419 4743 tunc
2448 4683 2726 4757 cymbala?
2762 4695 2887 4736 num
2927 4686 3053 4732 tunc
3088 4676 3299 4730 chorea:
3325 4671 3515 4728 diabo-

1934 4785 2083 4843 liem?
2113 4784 2288 4853 Quare
2311 4781 2477 4848 enim,
2506 4778 2593 4833 die
2622 4775 2785 4841 mihi,
2804 4782 3005 4827 tantum
3037 4770 3218 4825 statim
3246 4766 3314 4821 ab
3362 4765 3533 4825 initios

1933 4882 2185 4936 damnum
2228 4874 2440 4933 inducis
2489 4873 2540 4927 in
2583 4870 2800 4925 domum
2855 4876 3037 4929 tuam,
3081 4872 3134 4917 et
3174 4874 3268 4915 eos
3311 4857 3399 4927 qui
3452 4857 3531 4911 in-

1935 4973 2195 5029 sceniset
2222 4964 2512 5023 orchestris
2543 4974 2762 5031 operam
2784 4957 2962 5012 locant
2986 4967 3164 5015 vocas,
3191 4958 3249 5003 ut
3277 4962 3397 5001 cum
3434 4946 3517 5000 iu-

1937 5060 2498 5135 tempestivo-sumptu
2542 5052 2761 5123 virginis
2799 5041 3420 5102 Ia’dascontinentiam,
3464 5050 3519 5093 et

1931 5132 2181 5228 juvenem
2209 5148 2656 5224 impudentiorem
2678 5141 2880 5197 facias?
2904 5135 3150 5208 Optabile
3178 5132 3320 5187 enim
3346 5140 3401 5185 et
3428 5145 3517 5184 ar-

1934 5253 2098 5308 duum
2122 5240 2485 5313 erat,absque
2527 5237 2631 5292 illis
2659 5231 2930 5290 fomitibus
2973 5228 3118 5284 illam
3165 5233 3376 5281 natalem
3424 5237 3517 5293 po-

1937 5343 2105 5405 tuisse.
2119 5312 2392 5394 moderate
2417 5312 2555 5386 ferre
2578 5331 2947 5397 tempestatem
2978 5316 3313 5373 aﬂ'ectionum
3345 5332 3360 5369 :
3392 5327 3513 5367 cum

1936 5442 2112 5490 autem
2163 5438 2218 5485 et
2264 5428 2381 5485 haec
2424 5422 2700 5486 accedant,
2750 5426 2858 5473 tam
2900 5428 3017 5486 qua:
3064 5410 3544 5477 videntur,quam,

1936 5543 2056 5602 qua:
2093 5523 2400 5586 audiuntur,
2424 5517 2551 5573 dum
2579 5513 2750 5584 majus
2774 5506 3081 5565 accenditur
3108 5500 3409 5559 incendium
3428 5539 3444 5563 ,
3466 5509 3548 5559 et,

1942 5598 2148 5685 ierunt.
2175 5607 2727 5685 concupiscentiarum
2753 5600 2921 5674 magis
2938 5598 3307 5660 inﬂammatur
3321 5632 3354 5661 ,η
3377 5608 3539 5665 (ωοεκ
