3782 6244
361 242 461 300 187

362 358 525 412 modo
546 373 651 413 non
677 372 893 432 pessum
938 357 981 416 it
1025 358 1377 418 adolescentis
1403 363 1619 419 anima?
1645 364 1778 420 Hinc
1801 365 1944 420 enim

360 452 539 505 omnia
562 459 788 520 pereunt
811 459 865 506 ct
889 463 1334 523 corrumpuntur:
1364 454 1486 524 quia
1515 454 1583 509 ab
1606 455 1756 509 initio
1784 455 1946 510 casti-

370 541 453 591 tas
471 550 655 591 eorum
681 536 770 606 qui
802 536 941 591 inter
960 552 1018 592 se
1038 539 1346 592 conventuri
1369 547 1491 594 sunt
1517 549 1873 610 oppugnatur,
1892 548 1946 595 et

362 636 505 692 sape
525 624 694 694 primo
705 624 793 681 die
809 625 1041 695 juvenis,
1069 626 1236 682 oculis
1258 627 1443 683 videns
1469 629 1940 696 incontinentibus,

358 715 470 770 toto
493 717 755 773 diabolico
781 717 834 772 in
862 718 1039 773 anima
1067 720 1379 775 vulneratur
1405 736 1419 774 :
1450 728 1504 775 et
1532 721 1704 790 puella
1745 736 1839 791 per
1880 736 1943 775 ea

356 825 479 879 qure
500 807 646 863 audit
673 818 728 864 et
755 810 900 864 videt
926 811 1132 880 captiva
1164 810 1239 874 iit,
1269 821 1322 865 et
1342 811 1409 865 ab
1434 826 1499 865 eo
1519 811 1606 865 die
1626 822 1809 881 postea
1825 826 1943 866 cre-

360 908 512 952 scunt
538 897 777 962 vulnera,
801 900 1079 971 majusque
1102 902 1157 957 lit
1182 902 1399 957 malum.
1429 902 1641 962 Etenim
1663 903 1804 957 illinc
1828 913 1940 956 sta-

356 987 452 1042 tim
479 997 535 1044 et
576 999 814 1045 mutuam
840 993 1184 1046 concordiam
1212 992 1547 1060 dilacerant,
1592 1003 1646 1047 et
1701 1010 1938 1049 amorem

354 1076 654 1134 debilitant.
678 1082 904 1149 Quando
923 1083 1065 1137 enim
1095 1083 1181 1137 ille
1209 1092 1443 1138 mentem
1471 1083 1535 1137 ad
1567 1084 1725 1138 aliam
1755 1072 1935 1151 vertit:

352 1173 480 1227 hinc
507 1180 561 1227 et
588 1173 712 1229 inde
741 1174 984 1230 dividens
1012 1178 1269 1241 animum,
1293 1190 1322 1229 a
1344 1176 1557 1230 diabolo
1579 1177 1694 1247 ipso
1722 1175 1932 1243 ductus,

351 1262 519 1318 multa
547 1265 902 1321 amaritudine
941 1266 1157 1320 domum
1198 1267 1399 1336 implet.
1444 1267 1596 1334 Quod
1643 1269 1689 1323 si
1745 1278 1800 1324 et
1846 1268 1936 1323 illa

349 1357 677 1424 comperitur
703 1356 771 1410 ita
795 1357 981 1412 allecto
1011 1372 1153 1425 esse,
1185 1373 1248 1413 ex
1272 1358 1402 1427 ipsis
1427 1357 1785 1414 fundamentis
1812 1374 1934 1414 om-

348 1445 459 1513 nia,
491 1457 547 1501 ut
574 1447 644 1503 ita
673 1449 847 1505 dicam
870 1490 885 1515 ,
937 1448 1357 1505 subvertantur:
1390 1459 1575 1521 postea
1600 1451 1738 1506 alter
1765 1451 1833 1505 ab
1856 1452 1934 1506 al-

349 1546 466 1592 tero
504 1539 818 1606 occultatur,
862 1548 916 1595 et
950 1543 1041 1599 ille
1094 1540 1308 1611 quidem
1353 1542 1645 1611 suspiciose
1686 1542 1935 1596 observat

349 1642 595 1697 uxorem,
624 1643 681 1687 et
728 1632 974 1686 similiter
998 1632 1088 1685 illa
1114 1631 1310 1687 virum.
1338 1633 1511 1703 Atque
1538 1633 1624 1687 ubi
1654 1634 1933 1703 oportebat

346 1725 687 1780 concordiam
737 1741 856 1781 esse
896 1734 949 1782 et
986 1727 1248 1796 copulam,
1281 1726 1477 1797 quippe
1505 1727 1932 1783 debebant.esse

344 1829 472 1871 caro
513 1832 615 1871 una
647 1815 849 1886 (Erunt
876 1819 1040 1885 enim,
1087 1818 1276 1888 inquit,
1317 1819 1417 1871 duo
1455 1819 1507 1873 in
1548 1833 1748 1873 carnem
1776 1835 1930 1873 unam

343 1904 508 1980 [Gem
535 1907 590 1961 2.
612 1906 763 1980 24]).
803 1907 855 1962 hi
884 1908 937 1963 in
967 1919 1109 1964 tanta
1146 1909 1331 1963 vivunt
1367 1909 1731 1974 dissensione.
1776 1912 1925 1981 quasi

340 1997 568 2067 sejuncti
613 2008 815 2053 essent.
850 1998 1100 2054 Diabolus
1125 2000 1270 2055 enim
1300 2000 1674 2071 subingressus
1722 2010 1925 2056 tantam

339 2089 393 2143 in
423 2088 503 2143 eis
533 2089 821 2159 perniciem
850 2099 1123 2161 operatur,
1150 2100 1208 2145 ut
1231 2091 1551 2161 quotidiana:
1574 2108 1765 2163 pugna:
1786 2094 1926 2149 inter

341 2174 436 2234 eos
465 2192 752 2236 nascantur
772 2192 825 2236 et
849 2198 877 2236 a
905 2182 1060 2237 malis
1092 2198 1380 2253 numquam
1409 2182 1641 2239 habeant
1664 2187 1919 2255 quietem.

338 2270 475 2342 Quid
522 2272 665 2327 enim
707 2274 829 2345 quis
872 2274 1065 2330 dixerit
1093 2275 1361 2346 quomodo
1412 2287 1595 2346 postea
1638 2293 1666 2330 a
1708 2277 1922 2332 famulis

334 2374 769 2430 contemnantur,
800 2366 1067 2434 quomodo
1108 2383 1140 2422 a
1178 2368 1366 2422 vicinis
1405 2367 1706 2434 rideantur,
1761 2385 1920 2439 quam

333 2455 471 2509 foeda
500 2456 834 2524 operentur?
864 2456 998 2511 Nam
1023 2457 1161 2513 sicut
1190 2458 1402 2529 quando
1428 2459 1807 2529 gubernatores
1837 2460 1919 2515 in-

331 2558 414 2603 ter
442 2564 501 2604 se
524 2549 804 2616 dissident,
833 2552 995 2605 etiam
1018 2552 1106 2621 qui
1125 2552 1245 2606 navi
1266 2552 1554 2620 vehuntur,
1586 2569 1685 2607 una
1707 2555 1921 2623 pericli-

330 2648 532 2706 tantur,
559 2653 623 2693 ac
651 2641 841 2695 timent
867 2656 935 2695 ne
957 2657 1081 2696 eum
1118 2644 1237 2697 navi
1264 2644 1673 2714 submergantur
1700 2662 1713 2699 :
1744 2646 1815 2700 ita
1861 2654 1918 2701 et

328 2731 435 2798 hic,
465 2732 510 2786 si
539 2731 815 2787 discordes
861 2732 969 2787 sint
996 2735 1079 2788 vir
1101 2744 1155 2789 et
1198 2734 1411 2801 mulier,
1459 2750 1794 2806 consequens
1832 2746 1916 2792 est

328 2839 518 2879 onmes
545 2824 636 2896 qui
668 2824 811 2895 apud
858 2824 979 2881 illos
1005 2834 1131 2881 sunt
1162 2827 1447 2897 participes
1474 2841 1594 2883 esse
1622 2828 1907 2884 malorum.

330 2916 622 2986 Propterea
648 2931 747 2972 oro
774 2926 830 2971 ut
856 2916 971 2973 haec
1002 2918 1178 2973 omnia
1204 2918 1587 2990 prmvidentcs,
1633 2930 1915 2975 consuetu-

324 3013 505 3067 dinem
526 3026 595 3067 ne
623 3012 923 3068 sectemini.
955 3012 1079 3067 Scio
1099 3014 1245 3068 enim
1267 3014 1464 3068 multos
1487 3023 1765 3086 receptum
1790 3029 1910 3069 mo-

323 3118 439 3158 rem
465 3102 777 3168 obtendere,
802 3118 976 3174 neque
1003 3105 1264 3174 patienter
1304 3102 1446 3160 ferre
1472 3118 1529 3160 ut
1556 3105 1674 3161 haec
1697 3121 1728 3161 a
1758 3106 1912 3161 nobis

323 3192 569 3249 dicantur
594 3211 607 3247 :
638 3202 876 3249 attamen
902 3209 1121 3249 necesse
1146 3205 1307 3251 estut
1334 3210 1433 3251 nos
1454 3196 1601 3251 utilia
1627 3196 1871 3253 dicamus
1890 3236 1906 3263 ,

326 3291 381 3340 et
402 3301 521 3356 qua:
551 3286 672 3340 illos
722 3300 751 3339 a
797 3284 975 3339 futuro
1001 3288 1265 3357 supplicio
1313 3288 1559 3343 liberent.
1611 3287 1713 3344 Ubi
1762 3289 1909 3343 enim

327 3379 749 3432 tantumanimte
777 3378 1051 3443 damnum,
1083 3394 1186 3448 qua
1212 3379 1281 3434 de
1322 3394 1481 3434 causa
1522 3380 1653 3436 mihi
1681 3396 1907 3437 consue-

320 3470 559 3524 tudinem
585 3479 879 3540 prmtexere
905 3471 1108 3526 audes?
1140 3472 1277 3528 Ecce
1303 3475 1447 3528 enim
1470 3483 1526 3528 et
1550 3490 1648 3544 ego
1667 3475 1906 3531 tibicon-

318 3561 655 3617 suetudinem
682 3563 959 3619 meliorem
986 3565 1203 3635 obiicio,
1235 3583 1353 3638 quze
1368 3568 1507 3637 apud
1537 3579 1749 3625 veteres
1764 3582 1901 3638 crat,

318 3652 533 3723 quando
557 3653 792 3710 nondum
821 3664 967 3713 tanta
999 3658 1096 3727 pia:
1123 3659 1396 3729 religionis
1423 3670 1538 3715 erat
1582 3663 1802 3732 agnitio.
1837 3663 1906 3719 Et

317 3748 386 3801 ne
410 3745 612 3816 justum
644 3745 728 3801 hic
749 3747 914 3805 Jacob
945 3756 1149 3804 tantum
1194 3752 1414 3822 cogites,
1468 3753 1563 3808 sed
1614 3761 1668 3808 et
1719 3753 1900 3809 Laban

315 3839 492 3897 adhuc
535 3840 800 3897 idolorum
840 3842 1006 3898 cultui
1037 3844 1295 3913 deditum,
1345 3861 1445 3902 nec
1493 3848 1575 3903 vel
1624 3848 1901 3904 minimam

312 3948 457 3989 verte
486 3934 758 4003 religionis
784 3936 1024 3990 notitiam
1057 3936 1364 4003 habentem,
1412 3948 1468 3993 et
1490 3948 1666 3994 tamen
1698 3950 1897 3994 tantam

311 4039 424 4094 piae
450 4038 510 4079 se
530 4026 786 4080 ferentem
813 4025 1229 4095 philosomiiam.
1279 4028 1463 4098 Neque
1486 4032 1631 4086 enim
1657 4030 1773 4086 haec
1802 4032 1899 4086 ho-

311 4126 495 4171 nestas
516 4116 633 4188 ejus
684 4126 823 4184 erat,
883 4117 974 4187 qui
1017 4118 1276 4174 ducturus
1324 4121 1574 4189 puellam,
1604 4123 1701 4179 sed
1729 4125 1898 4193 patris

309 4223 430 4263 eam
459 4209 738 4264 tradentis.
763 4208 887 4264 Ideo
915 4217 969 4264 et
997 4210 1143 4265 illum
1165 4210 1266 4267 feci
1304 4228 1629 4283 sermonem,
1676 4231 1782 4271 non
1828 4217 1895 4272 ad

308 4304 535 4368 sponsos
559 4308 763 4355 tantum
790 4310 1037 4371 spectans
1068 4312 1324 4373 quantum
1346 4306 1410 4359 ad
1449 4316 1718 4376 parentes,
1745 4319 1797 4364 et
1826 4310 1895 4365 ad

307 4400 512 4459 patrem
531 4391 621 4461 qui
638 4391 894 4462 virginem
922 4393 1081 4449 locat.
1109 4393 1391 4462 Quomodo
1416 4400 1557 4453 enim
1582 4414 1689 4455 non
1709 4401 1896 4457 absur-

308 4481 434 4535 dum
456 4521 473 4547 ,
505 4485 549 4536 si
602 4497 703 4538 nos
740 4484 830 4553 qui
861 4493 1061 4540 tantam
1092 4489 1396 4558 accepimus
1441 4490 1887 4561 misericordiam,

304 4582 361 4627 et
403 4582 511 4627 tam
556 4574 876 4630 terribilium
928 4577 1382 4652 inellabiliumque
1431 4597 1889 4641 sacramentorum

302 4664 593 4736 participes
620 4683 826 4736 sumus,
858 4669 1031 4725 hacin
1056 4687 1117 4727 re
1145 4672 1426 4729 inferiores
1451 4677 1619 4732 simus
1648 4677 1885 4747 Labano,

304 4760 396 4831 qui
423 4762 587 4817 cultui
619 4762 882 4820 idolorum
904 4765 1079 4825 adhuc
1099 4778 1214 4822 erat
1241 4770 1491 4827 deditus?
1518 4774 1709 4829 Annon
1734 4777 1889 4831 audis

299 4850 523 4909 Paulum
552 4853 817 4911 dicentem
848 4870 1242 4918 sacramentum
1269 4876 1390 4918 esse
1430 4865 1644 4935 nuptias
1677 4877 1731 4921 et
1755 4868 1888 4923 ima-

297 4946 475 5014 ginem
502 4945 805 5004 dilectionis
830 4948 1047 5019 Christi,
1081 4969 1239 5023 quam
1270 4970 1394 5026 erga
1436 4956 1733 5015 Eeclesiam
1780 4976 1882 5015 ex-

300 5036 472 5092 hibuit
506 5037 727 5111 (Ep/tes.
757 5044 810 5099 5.
839 5042 970 5117 52)?
996 5044 1075 5101 Ne
1103 5047 1261 5118 igitur
1285 5050 1674 5109 cunfundamus
1699 5055 1883 5126 nosip

300 5145 412 5197 sos,
445 5142 498 5186 et
527 5132 861 5193 honestatem
889 5142 1193 5210 nuptiarum
1219 5159 1645 5216 corrumpamus.
1675 5150 1807 5208 Nam
1835 5156 1878 5208 si

299 5221 514 5291 quidem
563 5224 763 5283 bonum
816 5237 869 5284 et
914 5231 1046 5288 utile
1084 5232 1245 5291 fuerit
1292 5242 1619 5310 consilium,
1668 5246 1875 5302 etiamsi

293 5326 401 5366 non
430 5313 501 5367 sit
526 5320 879 5388 consuetudo,
907 5323 1037 5379 flat:
1068 5325 1149 5381 sin
1178 5327 1495 5387 damnosum
1528 5344 1583 5390 et
1609 5338 1875 5405 pernicio-

291 5417 413 5458 sum
435 5416 517 5459 est
543 5407 595 5461 id
616 5412 757 5480 quod
776 5428 807 5467 a
834 5416 984 5472 vobis
1010 5416 1261 5489 efficitur,
1295 5426 1507 5482 etiamsi
1537 5433 1873 5489 consuetudo

288 5495 691 5568 sit,rcjiciatur.
721 5504 857 5561 Nam
904 5510 949 5565 si
1004 5511 1105 5566 hoc
1132 5514 1522 5587 adiniserimus,
1569 5532 1623 5577 et
1669 5524 1776 5594 fur,
1819 5536 1874 5582 et

288 5587 518 5655 adulter,
552 5600 607 5647 et
631 5600 971 5665 quantumvis
1013 5603 1183 5660 malus
1208 5606 1379 5677 alius,
1426 5587 1869 5675 consuetudinem

284 5680 542 5740 obtendet
566 5705 578 5742 :
604 5698 659 5743 at
687 5687 892 5746 nullum
925 5692 1050 5750 hinc
1078 5696 1181 5753 illis
1211 5699 1415 5758 lucrum
1444 5716 1528 5764 est
1553 5709 1635 5766 vel
1666 5713 1818 5770 venia
1843 5756 1860 5783 ,

1096 244 1152 302 8.
1190 245 1467 304 JOANNIS
2005 247 2324 311 ARCHIEP.
2363 256 2589 317 CONST.

1402 245 1467 304 lS
2005 247 2324 311 ARCHIEP.
2363 256 2895 324 CONSTANTINOP.

3546 282 3653 340 488

2056 367 2151 421 sed
2182 371 2355 440 major
2379 376 2558 444 potius
2583 385 2875 451 accusatio,
2907 386 3049 459 quod
3076 390 3270 450 malam
3297 402 3650 455 consuetudi-

2050 474 2175 514 nem
2205 476 2461 533 superare
2485 483 2592 523 non
2625 472 2917 532 valuerint.

2118 550 2173 607 2.
2214 552 2271 609 Si
2310 557 2453 613 enim
2492 563 2814 622 voluerimus
2847 569 3082 641 vigilare,
3108 584 3164 631 et
3206 593 3389 635 curam
3434 581 3643 639 habere

2048 652 2246 699 nostra:
2269 646 2477 716 salutis,
2506 667 2789 722 possumus
2814 666 2871 714 et
2903 675 2933 715 a
2960 665 3096 718 mala
3125 672 3513 727 consuetudine
3540 675 3643 729 de-

2045 734 2262 802 sistere,
2288 748 2354 793 iet
2393 740 2446 794 in
2489 744 2681 800 bonam
2724 755 3165 810 consuetudinem
3206 773 3304 814 nos
3328 762 3589 820 reducere
3624 783 3638 816 :

2046 828 2233 898 sicque
2262 836 2489 900 posteris
2517 839 2715 894 nostris
2743 857 2848 897 non
2880 861 3095 915 parvam
3122 850 3365 909 dabimus
3393 859 3641 913 occasio-

2045 933 2167 974 nem
2194 923 2379 978 eadem
2419 925 2680 995 imitandi,
2712 941 2767 988 et
2793 936 3119 1006 accipiemus
3153 944 3313 999 etiam
3355 962 3451 1003 nos
3483 965 3637 1004 mer-

2042 1011 2227 1067 cedem
2253 1030 2438 1071 eorum
2475 1035 2593 1090 qua:
2633 1024 2700 1077 ab
2731 1025 2797 1080 iis
2828 1039 3076 1098 aguntur.
3116 1032 3250 1089 Nam
3293 1038 3383 1108 qui
3414 1040 3632 1098 initium

2042 1103 2194 1161 bona:
2224 1109 2322 1163 viae
2348 1112 2594 1181 praebuit,
2630 1116 2717 1171 hic
2760 1133 2946 1175 auctor
2984 1134 3275 1181 esteorum
3309 1103 3434 1200 qua:
3475 1144 3533 1188 et
3559 1136 3632 1190 ab

2038 1198 2159 1252 aliis
2189 1211 2333 1257 recte
2358 1203 2511 1268 liunt.
2540 1218 2595 1263 et
2621 1209 2883 1279 duplicem
2909 1217 3129 1287 recipiet
3153 1198 3478 1290 mercedem,
3515 1235 3627 1281 tam

2038 1304 2137 1358 pro
2168 1291 2232 1347 iis
2261 1309 2381 1364 qua:
2420 1296 2535 1365 ipse
2580 1310 2723 1357 recte
2769 1301 2915 1369 facit,
2960 1322 3117 1376 quam
3159 1311 3350 1379 quibus
3384 1313 3521 1369 alios
3568 1316 3624 1369 in

2037 1383 2291 1450 Optimam
2331 1387 2472 1441 illam
2499 1390 2700 1446 inducit
2742 1395 3156 1467 philosophiam.
3186 1400 3264 1457 Ne
3291 1408 3620 1472 praetentis,

2035 1472 2280 1541 obsecro,
2314 1477 2500 1549 frigida
2529 1489 2584 1535 et
2610 1482 2829 1538 ridicula
2856 1488 3017 1543 verba
3047 1489 3181 1558 hinc,
3214 1492 3451 1549 dicentes
3483 1496 3621 1567 legi-

2034 1565 2161 1619 tima
2193 1566 2434 1635 quzedam
2472 1585 2592 1627 esse
2627 1572 2764 1641 lucc,
2806 1587 2860 1632 et
2901 1590 3178 1650 propterea
3207 1583 3413 1655 impleri
3450 1565 3623 1658 Oper--

2033 1664 2166 1711 tere.
2195 1656 2311 1714 Non
2334 1663 2474 1716 enim
2497 1663 2613 1720 hzec
2631 1664 2919 1737 legitimum
2948 1672 3145 1728 faciunt
3170 1656 3505 1748 conjugium,
3520 1680 3619 1735 sed

2029 1750 2074 1804 si
2104 1753 2393 1809 secundum
2420 1756 2562 1825 leges
2594 1758 2683 1813 Dei
2716 1776 2834 1815 cum
2863 1765 3105 1821 eaStitate
3132 1777 3185 1822 et
3211 1768 3493 1825 honestate
3526 1772 3618 1827 fiat

2029 1854 2345 1914 conventus,
2390 1860 2445 1905 et
2474 1850 2517 1903 si
2548 1852 2831 1907 concordia
2876 1871 3066 1926 magna
3108 1859 3416 1915 cobiereant
3453 1863 3491 1916 ii
3522 1865 3615 1933 qui

2027 1937 2371 1992 conveniunt.
2413 1938 2689 1997 Noverunt
2728 1944 3017 2017 hocetiam
3068 1959 3303 2005 externa:
3332 1950 3478 2022 leges
3514 1971 3528 2007 :
3560 1965 3612 2010 et

2024 2027 2212 2082 audies
2253 2043 2367 2094 eos,
2414 2033 2502 2100 qui
2559 2034 2641 2089 his
2683 2035 3018 2105 studuerunt,
3064 2039 3261 2108 dicere,
3302 2044 3609 2113 conjugium

2026 2117 2157 2171 nihil
2186 2118 2329 2174 aliud
2368 2124 2694 2180 constituere
2719 2142 2879 2196 quam
2913 2132 3375 2189 consuetudinem.
3406 2133 3481 2189 Ne

2023 2220 2110 2266 tur
2138 2211 2345 2269 divinas
2373 2214 2519 2286 leges
2555 2233 2675 2273 cum
2708 2218 2954 2276 humanis
3003 2227 3471 2295 transgrediamur,
3508 2245 3607 2283 nec

2023 2305 2373 2373 praeferamus
2416 2309 2705 2367 diabolicas
2756 2313 2901 2385 leges
2966 2325 3019 2370 et
3068 2319 3420 2385 perniciosam
3468 2322 3607 2378 hanc

2020 2398 2461 2455 consuetudinem
2492 2420 2505 2456 :
2536 2403 2678 2458 illius
2699 2405 2843 2460 enim
2873 2406 2957 2463 lex
2983 2419 3106 2463 sunt
3132 2408 3268 2476 hinc,
3292 2413 3382 2481 qui
3410 2414 3604 2483 gaudet

2019 2487 2086 2543 de
2106 2489 2323 2546 interitu
2353 2503 2556 2548 nostro.
2590 2495 2729 2565 Quid
2766 2497 2925 2568 igitur
2952 2499 3051 2554 hac
3072 2504 3459 2559 consuetudine
3489 2520 3603 2561 ma-

2016 2581 2097 2651 gis
2121 2582 2427 2649 ridiculum,
2465 2587 2678 2657 quando
2703 2590 2785 2644 vir
2826 2600 2881 2646 et
2922 2608 3060 2647 uxor
3089 2594 3385 2651 innumeris
3418 2601 3604 2652 convi-

2015 2673 2114 2729 ciis
2134 2684 2189 2730 et
2216 2678 2524 2732 scommatis
2542 2693 2572 2732 a
2600 2680 2769 2735 servis
2792 2681 3092 2753 nulliusque
3114 2686 3265 2754 pretii
3298 2688 3602 2743 hominibus

2015 2765 2374 2837 incessuntur,
2403 2784 2467 2825 ac
2492 2786 2649 2825 nemo
2677 2782 2760 2828 est
2784 2775 2873 2844 qui
2905 2775 3181 2844 increpet:
3211 2778 3305 2833 sed
3333 2780 3460 2834 licet
3486 2782 3601 2835 cui-

2014 2858 2095 2914 vis
2118 2858 2319 2916 volenti
2348 2861 2414 2916 ad
2446 2879 2724 2934 vesperam
2754 2868 2932 2922 omnia
2968 2868 3131 2940 loqui,
3172 2880 3226 2926 et
3254 2875 3496 2927 convicia
3522 2876 3601 2943 ja.

2012 2967 2137 3009 cere
2165 2952 2217 3008 in
2260 2969 2515 3024 sponsum
2542 2966 2598 3013 et
2625 2960 2919 3028 sponsam?
2950 2961 3015 3016 Et
3059 2963 3111 3016 in
3140 2964 3245 3018 alio
3274 2965 3362 3019 die
3406 2967 3450 3020 si
3478 2969 3599 3037 quis

2011 3054 2299 3101 conaretur
2322 3046 2394 3101 ita
2422 3047 2621 3102 salibus
2650 3051 2919 3119 mordere,
2960 3053 3369 3122 periclitaretur,
3399 3056 3467 3110 ad
3506 3059 3599 3111 tri-

2012 3135 2172 3191 bunal
2201 3138 2559 3195 abduceretur
2583 3149 2637 3196 et
2667 3142 2942 3211 puniretur
2967 3161 2980 3196 :
3010 3152 3134 3200 tunc
3171 3157 3349 3201 autem
3380 3150 3595 3218 quando

2009 3225 2292 3295 plurimam
2337 3231 2617 3297 oportebat
2655 3247 2775 3288 esse
2815 3237 3187 3303 reverentiam,
3225 3239 3595 3311 majoremque

2009 3317 2345 3375 honestatem
2374 3330 2430 3377 et
2456 3324 2775 3391 castitatem,
2810 3334 2951 3387 tanta
2980 3328 3331 3385 obscoenitate
3359 3332 3593 3402 implen-

2008 3418 2096 3465 tur
2130 3412 2310 3467 omnia
2354 3413 2467 3481 illa,
2524 3426 2581 3470 ut
2614 3417 2887 3486 probabile
2929 3420 2999 3474 sit
3039 3419 3251 3476 diabolo
3291 3421 3433 3479 duce
3479 3423 3597 3481 haec

2006 3502 2185 3557 omnia
2216 3502 2432 3559 inventa
2457 3520 2597 3561 esse.
2629 3507 2824 3564 Verum
2842 3524 2910 3564 ne
2938 3526 3079 3582 mgre
3104 3512 3306 3580 feratis,
3332 3530 3433 3571 oro
3452 3535 3467 3570 :
3486 3531 3593 3572 non

2005 3594 2149 3651 enim
2175 3596 2379 3667 absque
2398 3612 2559 3654 causa
2583 3600 2634 3654 in
2660 3600 2800 3657 hunc
2813 3617 3115 3660 sermonem
3137 3607 3360 3677 digressi
3384 3626 3591 3679 sumus,

2006 3684 2103 3740 sed
2149 3700 2331 3741 curam
2363 3686 2570 3744 habens
2614 3700 2807 3746 vestrae
2825 3693 3012 3749 salutis
3040 3705 3094 3751 et
3124 3695 3452 3768 honestatis,
3483 3703 3589 3758 vel-

2005 3776 2110 3832 lem
2136 3779 2389 3848 optimam
2426 3780 2562 3837 hanc
2588 3785 2933 3841 mutationem
2962 3788 3094 3855 fieri,
3145 3805 3345 3859 vosque
3372 3798 3587 3863 optima

2002 3869 2163 3940 hujus
2183 3874 2588 3930 consuetudinis
2617 3892 2737 3933 esse
2762 3879 2943 3936 duces.
2988 3881 3120 3937 Nam
3148 3885 3195 3939 si
3236 3887 3412 3941 solum
3442 3891 3586 3957 prin-

2000 3965 2198 4035 cipium
2224 3974 2278 4021 et
2305 3966 2387 4021 via
2418 3967 2509 4023 at
2536 3972 2735 4040 operis,
2770 3974 3024 4042 paulatim
3069 3992 3176 4032 uno
3207 3981 3438 4036 alterum
3468 3983 3588 4038 lau-

2000 4056 2161 4113 dabili
2175 4058 2275 4114 hac
2286 4063 2627 4119 aemulatione
2652 4068 2956 4134 aemulante,
2974 4085 3162 4127 omnes
3176 4074 3481 4130 laudatores
3492 4078 3563 4133 ha
3581 4106 3587 4114 -

1997 4149 2192 4206 bebitis
2208 4172 2222 4208 :
2236 4163 2285 4207 et
2299 4168 2404 4209 non
2423 4162 2624 4210 tantum
2639 4158 2728 4228 qui
2747 4158 3014 4216 civitatem
3028 4163 3281 4231 incolunt,
3302 4166 3585 4224 imitabuno

1997 4248 2084 4299 tur
2098 4243 2352 4313 Optimam
2378 4247 2512 4301 hanc
2532 4247 2924 4307 innovationem
2942 4295 2956 4319 ,
2988 4254 3081 4310 sed
3100 4266 3152 4311 et
3168 4272 3261 4313 eos
3279 4260 3369 4329 qui
3401 4276 3587 4330 procul.

1996 4332 2233 4390 habitant
2277 4337 2644 4407 conciliabitis,
2696 4350 2751 4398 et
2798 4344 3092 4401 imitatores
3134 4358 3342 4406 vestros
3378 4354 3584 4409 consti-

1995 4428 2155 4483 tuetis
2184 4446 2199 4483 :
2227 4437 2387 4499 atque
2413 4431 2631 4503 insuper
2656 4436 2812 4506 longe
2837 4438 3149 4508 ampliorem
3188 4457 3219 4497 a
3249 4443 3361 4499 Deo
3395 4461 3585 4515 repor-

1993 4522 2173 4578 tabitis
2210 4539 2484 4591 coronam,
2524 4529 2664 4598 quod
2697 4541 2914 4602 prapter
2954 4534 3045 4590 Dei
3092 4536 3334 4592 timorem
3379 4551 3436 4595 et
3463 4542 3582 4612 ejus

1992 4615 2299 4672 mandatum
2322 4618 2640 4676 diabolicam
2677 4623 2811 4678 hanc
2832 4629 3209 4695 superaveritis
3235 4633 3581 4688 consuetudi-

1991 4723 2135 4764 nem.
2162 4710 2270 4767 Sed
2297 4714 2439 4783 quod
2462 4719 2764 4787 suscepturi
2794 4721 2912 4775 sitis
2940 4737 3128 4794 magna
3168 4727 3445 4783 alacritate
3474 4729 3577 4787 hoc

1988 4811 2231 4858 nostrum
2273 4806 2579 4873 consilium,
2620 4819 2676 4865 et
2717 4826 2881 4881 opere
2910 4815 3199 4884 impleturi,
3250 4818 3407 4874 valde
3448 4836 3570 4876 cono

1986 4893 2115 4951 do.
2148 4893 2350 4952 Videns
2377 4899 2520 4953 enim
2570 4916 2667 4956 vos
2709 4918 2897 4974 magna
2943 4920 3063 4961 cum
3088 4908 3359 4977 voluptate
3389 4912 3579 4968 audire

1986 5002 2048 5043 ea
2072 5004 2191 5060 qua:
2212 4990 2479 5058 dicuntur,
2514 4993 2563 5047 id
2585 5009 2652 5049 ex
2672 4995 2930 5064 applausu
2957 5007 3010 5053 et
3039 4998 3283 5055 laudibus
3302 5003 3571 5073 conjecto,

1984 5094 2081 5134 vos
2105 5082 2265 5136 etiam
2295 5085 2545 5153 operibus
2574 5085 2713 5140 idem
2751 5088 2924 5158 ipsum
2956 5091 3404 5161 comprobatums
3426 5102 3553 5152 esse

1986 5172 2274 5243 Propterea
2308 5188 2593 5233 contentus
2617 5180 2795 5245 dictis,
2840 5181 2907 5237 ad
2948 5192 3232 5239 contextus
3259 5187 3460 5242 seriem
3488 5205 3562 5243 re-

1978 5265 2213 5334 grediar.
2242 5265 2310 5323 Et
2340 5273 2475 5338 facta
2499 5280 2592 5335 est,
2624 5272 2813 5340 inquit,
2841 5288 3069 5343 vespera,
3096 5286 3141 5329 et
3168 5278 3363 5346 accepit

1978 5354 2126 5409 Liam
2155 5359 2315 5427 liam
2343 5377 2511 5426 suam,
2538 5373 2585 5417 et
2610 5364 2888 5419 introduxit
2914 5383 3025 5419 eam
3052 5368 3121 5421 ad
3150 5366 3333 5423 Jacob.

2050 5446 2319 5512 Quomodo
2335 5468 2367 5505 a
2390 5451 2601 5508 Labano
2628 5456 2865 5526 deceptus
2890 5458 3041 5528 fuerit
3058 5458 3222 5515 Iacob
3245 5476 3265 5525 ;
3295 5462 3405 5531 ejus
3442 5464 3572 5518 sim-

1975 5540 2197 5611 plicitas.
2318 5544 2394 5599 Ne
2433 5546 2609 5602 obiter
2651 5548 2814 5603 etiam
2854 5549 2957 5605 hoc
2987 5561 3365 5621 praetereamus
3399 5576 3413 5611 :
3446 5572 3563 5612 nam

1973 5633 2062 5691 hic
2086 5650 2298 5705 quoque
2322 5641 2487 5695 multa
2516 5642 2844 5699 considerari
2877 5657 3099 5715 possunt
3125 5667 3138 5704 :
3166 5649 3398 5718 primum
3439 5654 3553 5707 sim

1977 5724 2186 5797 plicitas
2213 5726 2399 5799 Jacob,
2445 5742 2499 5789 ct
2534 5735 2805 5804 quomodo
2833 5735 2901 5793 ab
2930 5739 3075 5799 omni
3118 5740 3319 5799 malitia
3358 5742 3565 5801 alienus
