3782 6260
60 296 185 352 687

64 406 255 477 ἀκοῆς
290 403 682 477 δαψιλεστέραν
718 405 1025 460 ἀνάπτοντα
1058 407 1157 479 τὴν
1200 409 1412 479 πυράν,
1445 410 1538 464 καὶ
1561 411 1660 481 τὴν

61 488 315 560 κάμινον
346 488 454 540 τῶν
480 488 666 542 παθῶν
694 488 1132 560 φλογωδεστέραν
1159 492 1518 562 ἐργαζόμενα,
1543 493 1661 558 πῶς

61 574 204 641 οὐχὶ
230 570 557 641 ὑποϐρύχιος
586 573 618 641 ή
649 571 742 624 τοῦ
773 572 892 625 νέου
918 572 1061 643 ψυχὴ
1098 575 1422 644 γενήσεται;
1459 577 1668 630 Ἐντεῦ-

63 653 174 706 θεν
214 655 322 724 γὰρ
371 653 586 707 ἅπαντα
629 654 871 707 ἀπόλωλε
910 656 1006 708 καὶ
1046 655 1395 727 διέφθαρται,
1440 658 1546 711 ἀπὸ
1571 658 1664 711 τοῦ

61 736 182 806 τὴν
212 735 567 806 σωφροσύνην
598 735 657 800 ἐξ
688 738 863 808 ἀρχῆς
889 737 1256 805 διορύττεσθαι
1285 739 1397 791 τῶν
1451 739 1668 809 μελλόν-

62 835 192 871 των
238 818 490 889 ἀλλήλοις
549 820 837 873 συνιέναι·
879 821 971 873 καὶ
1024 819 1281 883 πολλάκις
1335 822 1399 875 ἐκ
1447 822 1669 893 πρώτης

65 902 299 973 ἡμέρας
331 902 425 954 καὶ
456 904 484 955 6
512 902 629 966 νέος
655 900 871 965 ἐδέξατο
898 901 1050 971 βέλος
1080 903 1363 956 σατανικὸν
1391 906 1449 957 ἐν
1475 908 1543 976 τῇ
1566 904 1669 974 ψυ-

65 986 146 1053 χῇ
173 1027 189 1050 ,
224 983 544 1047 ἀκολάστοις
581 983 704 1037 ἰδὼν
743 984 1075 1054 ὀφθαλμοῖς,
1108 986 1255 1056 καὶὴ
1282 987 1418 1057 κόρη
1450 987 1546 1041 καὶ
1579 987 1669 1040 διὰ

64 1067 180 1136 τῆς
207 1068 375 1137 ἀκοῆς
407 1068 501 1120 καὶ
525 1066 613 1121 διὰ
639 1066 739 1137 τῆς
764 1067 941 1136 ὅψεως
965 1067 1306 1137 αἰχμάλωτος
1332 1069 1545 1138 γέγονε,
1574 1070 1668 1123 καὶ

66 1149 257 1202 ταῦτα
301 1149 359 1216 ἐξ
408 1149 623 1220 ἐκείνης
660 1150 849 1203 λοιπὸν
894 1150 996 1220 τῆς
1035 1151 1247 1221 ἡμέρας
1279 1152 1349 1205 τά
1380 1151 1667 1222 τραύματα

68 1233 425 1303 αὐξανόμενα
484 1234 666 1303 μεῖζον
729 1233 1017 1306 ἐργάζεται
1070 1234 1133 1287 τὸ
1178 1234 1368 1287 κακόν.
1410 1236 1519 1289 Καὶ
1562 1235 1670 1305 γάρ

68 1314 304 1385 πρῶτον
351 1316 447 1385 μὲν
488 1317 588 1387 τὴν
627 1314 763 1386 πρὸς
803 1316 1068 1388 ἀλλήλους
1101 1316 1282 1370 αὑτῶν
1306 1317 1558 1387 ὁμόνοιαν
1589 1317 1670 1371 δι-

70 1397 323 1466 ορύττει,
358 1398 452 1451 καὶ
475 1398 564 1451 τὸν
597 1396 759 1451 πόθον
786 1398 1385 1469 καταμαραίνει.”οταν
1407 1399 1515 1470 γὰρ
1535 1400 1671 1469 πρὸς

69 1481 282 1553 ἑτέραν
316 1483 523 1546 ἐκεῖνος
543 1485 755 1554 προσχῇ
786 1484 850 1554 τῇ
884 1481 1112 1554 διανοίᾳ,
1137 1477 1240 1537 ὧδε
1260 1485 1484 1537 κάκεῖσε
1516 1502 1671 1556 μερι-

75 1562 314 1633 ζόμενος
355 1564 447 1617 τὸν
490 1563 782 1633 λογισμὸν,
822 1559 927 1616 καὶ
955 1564 1060 1617 ὑπὸ
1087 1563 1181 1617 τοῦ
1217 1564 1463 1617 διαϐόλου
1505 1565 1668 1618 αὑτοῦ

78 1646 588 1716 στρατηγούμενος,
611 1646 812 1715 πολλῆς
837 1646 1027 1716 ἀηδίας
1053 1647 1329 1719 πληρώσει
1350 1647 1447 1717 τὴν
1474 1649 1668 1702 οίκίαν.

76 1729 144 1780 Εἰ
172 1729 231 1781 δέ
261 1729 486 1799 κάκείνη
509 1729 755 1800 εὑρεθείη
777 1727 1015 1783 τοιοῦτόν
1030 1748 1079 1783 τι
1096 1731 1360 1796 παθοῦσα,
1390 1730 1446 1797 ἐξ
1469 1730 1667 1796 αὑτῶν,

75 1810 159 1873 ὡς
187 1812 384 1874 εἰπεῖν,
416 1810 525 1865 τῶν
556 1812 770 1880 βάθρων
794 1812 1005 1866 ἅπαντα
1039 1813 1418 1883 ἀνατρέπεται,
1443 1814 1536 1866 καὶ
1563 1813 1670 1866 λοι-

78 1894 190 1946 πδν
218 1894 482 1966 ἀλλήλους
508 1894 860 1965 κρύπτοντες,
898 1896 926 1948 ὀ
957 1895 1056 1964 μὲν
1089 1894 1155 1949 δι’
1183 1896 1415 1966 ὑποψίας
1440 1896 1553 1966 ἔχει
1576 1895 1671 1966 τὴν

77 1976 366 2047 γαμετήν,
406 1980 439 2047 ή
474 1977 531 2030 δέ
569 1977 660 2031 τὸν
700 1977 887 2049 ἄνδρα.
926 1979 1035 2031 Καὶ
1068 1979 1195 2033 ἔνθα
1226 1981 1390 2052 ἐχρῆν
1421 1980 1671 2050 ὁμόνοιαν

78 2056 231 2111 εἶναι
265 2061 360 2113 καὶ
392 2058 704 2131 σύνδεσμον,
725 2060 819 2113 καὶ
844 2061 891 2112 οἱ
915 2060 1220 2129 ὀφείλοντες
1250 2062 1385 2133 σὰρξ
1406 2058 1543 2115 εἶναι
1577 2062 1673 2132 μία

79 2141 403 2207 (”Εσονται
444 2140 574 2211 γὰρ,
620 2143 805 2211 φησὶν,
854 2144 909 2195 οί
957 2142 1067 2196 δύο
1117 2146 1204 2209 είς
1250 2146 1449 2212 σάρκα
1479 2144 1669 2214 μίαν),

80 2217 238 2276 οὑτοι
272 2222 423 2295 1-540]
456 2225 514 2278 ἐν
547 2224 782 2295 τοσαύτη
817 2224 1076 2295 διαιρέσει
1104 2225 1486 2295 τυγχάνουσιν,
1510 2227 1585 2289 ὡς
1624 2228 1673 2279 εί

81 2309 184 2361 καὶ
224 2307 696 2378 κατατετμημένοι
718 2303 876 2378 ἦσαν.
922 2308 1280 2363 Ἐπεισελθὼν
1304 2310 1411 2380 γάρ
1437 2312 1465 2363 6
1489 2310 1672 2364 διάϐο-

80 2392 179 2454 λος
220 2389 491 2460 τοσαύτην
540 2392 597 2444 ἐν
642 2391 825 2453 αὑτοῖς
873 2390 1163 2462 ἐργάζεται
1210 2392 1308 2463 τὴν
1355 2392 1550 2464 λύμην,
1597 2394 1673 2459 ὡς

80 2473 363 2542 πολέμους
392 2474 486 2525 καὶ
521 2473 699 2543 μάχας
726 2473 1098 2544 καθημερινάς
1122 2475 1419 2538 τίκτεσθαι,
1450 2479 1541 2528 καὶ
1572 2494 1675 2547 μηο

80 2556 280 2609 δέποτε
318 2555 633 2608 ἀνάπαυλαν
666 2555 809 2625 ἔχειν
836 2556 943 2609 τῶν
983 2556 1189 2610 κακῶν.
1224 2557 1289 2610 Τί
1336 2559 1444 2628 γάρ
1479 2558 1544 2612 ἀν
1590 2576 1675 2622 τις

82 2643 237 2694 εἴποι
287 2641 468 2695 λοιπὸν
504 2640 611 2694 τῶν
658 2642 884 2695 οίκετῶν
930 2641 1031 2707 τὰς
1077 2645 1528 2715 καταφρονήσεις,
1568 2645 1676 2697 τῶν

85 2724 322 2793 πλησίον
353 2724 645 2777 οἰκούντων
685 2726 776 2778 τὸν
827 2724 1061 2793 γέλωτα,
1114 2726 1213 2790 τὰς
1258 2728 1673 2797 ἀσχημοσύνας;

86 2805 361 2878 Καθάπερ
393 2807 503 2879 γὰρ
530 2807 637 2861 τῶν
670 2807 1018 2880 κυϐερνητῶν
1052 2809 1449 2873 στασιαζόντων
1498 2812 1590 2864 καὶ
1626 2812 1676 2864 ot

83 2888 420 2956 ἐμπλέοντες
443 2890 552 2943 τῶν
590 2890 849 2945 κινδύνων
879 2891 1306 2946 συναπολαύουσι
1324 2936 1338 2958 ,
1369 2894 1463 2946 καὶ
1483 2893 1677 2948 αὔταν-

82 2974 217 3045 δρον
245 2972 458 3043 ἀνάγκη
485 2974 584 3045 τήν
611 2973 745 3027 ναῦν
778 2974 1299 3045 καταποντισθῆναιο
1328 2976 1470 3029 οὑτω
1488 2977 1551 3047 δὴ
1582 2979 1675 3032 καὶ

82 3055 348 3120 ἐνταῦθα,
384 3055 477 3110 τοῦ
508 3056 702 3129 ἀνδρὸς
727 3058 821 3111 καὶ
852 3058 951 3128 τῆς
979 3058 1235 3125 γυναικὸς
1261 3060 1397 3130 πρὸς
1419 3060 1677 3129 ἀλλήλους

84 3137 615 3202 διαστασιαζόντων,
648 3139 743 3192 καὶ
781 3140 908 3203 τοὺς
939 3139 1131 3203 ἀλλους
1163 3140 1407 3204 ἃπαντας
1446 3158 1679 3210 συγαπο⁶

83 3220 280 3275 λαύειν
303 3222 412 3274 τῶν
441 3222 626 3276 κακῶν
659 3220 826 3285 είκός.
847 3222 945 3275 Διά
975 3223 1133 3276 τοῦτο
1158 3224 1476 3295 παρακαλῶ,
1502 3226 1680 3280 ταῦτα

87 3305 311 3358 ἃπαντα
330 3304 764 3375 προορωμένους,
790 3304 863 3374 μὴ
880 3307 945 3376 τῇ
963 3306 1218 3378 συνηθείᾳ
1241 3307 1675 3363 κατακολουθεῖν.

86 3384 225 3442 Οἶδα
244 3387 352 3458 γὰρ
377 3387 456 3440 ὅτι
482 3386 664 3439 πολλοὶ
685 3387 890 3456 ταύτην
920 3390 1051 3458 ἡμῖν
1084 3388 1508 3460 προϐαλλόμενοι
1555 3391 1678 3444 οὐδὲ

86 3471 375 3541 ἀνέχονται
419 3469 527 3523 τῶν
581 3471 709 3541 παρ’
754 3470 914 3541 ήμῶν
952 3470 1261 3541 λεγομένων
1295 3487 1309 3502 ·
1362 3472 1475 3525 ἀλλ’
1530 3474 1679 3544 ὅμως

85 3555 246 3625 ἡμᾶς
291 3551 503 3622 ἀνάγκη
559 3552 629 3606 τά
677 3552 925 3624 λυσιτελῆ
975 3554 1067 3606 καὶ
1123 3553 1193 3606 τὰ
1236 3556 1334 3625 τῆς
1386 3554 1680 3626 μελλούσης

87 3642 367 3703 κολάσεως
408 3637 781 3710 ἐξαρπάζοντα
824 3638 1018 3707 λέγειν.
1048 3640 1224 3693 Ὅπου
1249 3641 1357 3712 γὰρ
1388 3641 1531 3714 λύμη
1556 3660 1683 3696 τοσ-

91 3725 239 3795 αύτη
278 3721 474 3793 ψυχῆς,
500 3722 643 3785 τίνος
676 3722 861 3777 ἕνεκέν
882 3739 971 3793 μοι
1000 3722 1283 3793 συνήθειαν
1332 3724 1509 3793 βούλει
1546 3741 1683 3797 atpo-

92 3806 430 3871 ϐάλλεσθαι;
487 3804 619 3858 Ἰδοὺ
660 3804 816 3873 κάγὼ
864 3805 1149 3875 συνήθειάν
1194 3822 1277 3859 σοι
1310 3807 1681 3879 προϐάλλομαι

93 3890 343 3962 βελτίονα
367 3927 383 3952 ,
477 3887 525 3940 οἱ
550 3886 610 3953 ἐξ
636 3888 809 3958 ἀρχῆς
837 3887 1134 3958 ἐκέχρηντο
1153 3925 1167 3952 ,
1194 3888 1284 3940 δτε
1317 3889 1527 3942 οὐδέπω
1554 3906 1679 3943 τοσ-

94 3976 237 4044 αύτη
286 3972 486 4041 γνῶσις
534 3967 603 4042 ἦν
646 3972 743 4041 τῆς
797 3971 1097 4035 εὐσεϐείας.
1151 3972 1261 4024 Καὶ⁸
1327 3973 1400 4044 μή
1452 3990 1541 4043 μοι
1590 3974 1681 4027 τὸν

95 4058 307 4111 δίκαιον
328 4055 556 4109 ἐνταῦθα
587 4053 803 4123 λογίζου
826 4095 840 4121 ,
873 4054 965 4107 τὸν
1004 4053 1197 4108 Ἰακὼϐ
1230 4055 1374 4123 λέγω
1392 4099 1407 4121 ,
1433 4055 1569 4110 ἀλλά
1591 4056 1682 4109 τὸν

94 4140 287 4197 Λάϐαν
320 4139 511 4201 ἐννόει,
543 4137 711 4207 ἄνδρα
738 4137 819 4190 ἔτι
852 4139 965 4200 τοῖς
991 4138 1227 4201 εἰδώλοις
1253 4140 1680 4211 προσανέχοντα,

97 4224 194 4277 καὶ
234 4220 490 4292 οὐδεμίαν
518 4221 716 4289 ⁸βρῶσιν
745 4219 937 4290 ἔχοντα
975 4220 1075 4290 τῆς
1109 4220 1409 4285 εὐσεϐείας,
1441 4225 1532 4276 καὶ
1559 4239 1683 4276 τοσ-

103 4306 277 4375 αύτην
325 4302 636 4373 φιλοσοφίαν
669 4300 1128 4372 ἐπιδεικνύμενον.
1180 4303 1351 4357 Τοῦτο
1379 4304 1486 4376 γάρ
1504 4306 1567 4359 οὐ
1590 4305 1681 4358 τοῦ

104 4387 389 4459 μέλλοντος
407 4381 474 4457 ἦν
497 4384 723 4453 ἄγεσθαι
753 4385 852 4453 τὴν
882 4383 1051 4455 κόρην
1072 4385 1133 4437 τὸ
1155 4386 1509 4456 κατόρθωμα,
1548 4388 1683 4441 ἀλλὰ

101 4471 196 4524 τοῦ
231 4468 440 4541 πατρὸς
477 4467 571 4520 τοῦ
604 4468 705 4537 τὴν
742 4466 909 4537 κόρην
930 4466 1244 4529 ἐκδιδόντος.
1282 4469 1358 4519 Δι’
1384 4468 1413 4521 δ
1438 4470 1531 4521 καὶ
1559 4470 1683 4523 τοῦ·

104 4570 197 4607 τον
244 4552 470 4622 ἐκίνησα
491 4550 582 4604 τὸν
610 4549 793 4619 λόγον,
815 4550 936 4619 οὐχὶ
966 4548 1101 4618 πρὸς
1125 4550 1251 4612 τοὺς
1278 4550 1541 4619 νυμφίους
1564 4568 1686 4605 τοσ-

102 4635 263 4691 οῦτον
298 4635 739 4704 ἀποτεινόμενος,
779 4635 903 4687 ὅσον
946 4633 1081 4702 πρὸς
1118 4633 1242 4695 τοὺς
1272 4635 1683 4703 γεγεννηκότας,

107 4721 247 4791 πρὸς
295 4719 384 4772 τὸν
435 4718 648 4789 πατέρα
695 4717 790 4769 τοῦ
830 4716 1085 4785 νυμφίου,
1139 4716 1233 4768 καὶ
1285 4715 1420 4786 πρὸς
1463 4716 1553 4769 τὸν
1587 4719 1685 4788 τὴν

105 4804 277 4872 κόρην
326 4800 600 4853 ἐκδιδόντα
652 4797 817 4869 φημί.
875 4796 998 4859 Πῶς
1026 4797 1133 4867 γάρ
1169 4798 1267 4850 οὐκ
1306 4797 1503 4853 ἄτοπον
1540 4801 1685 4870 ἡμᾶς

106 4888 234 4949 τοὺς
262 4884 528 4953 τοσαύτης
555 4881 966 4942 ἀπολαύσαντας
993 4879 1397 4951 φιλανθρωπίας
1418 4921 1433 4945 ,
1457 4882 1552 4934 καὶ
1577 4882 1686 4936 τῶν

108 4965 352 5040 φρικτῶν
407 4966 500 5020 καὶ
551 4966 877 5036 ἀπορρήτων
936 4963 1250 5033 μυστηρίων
1313 4962 1637 5027 ἀξιωθέντας
1668 5009 1682 5029 ,

106 5052 368 5113 ἐλάττους
414 5046 555 5101 κατά
594 5046 754 5100 τοῦτο
800 5045 1042 5111 γίνεσθαι
1085 5043 1177 5098 τοῦ
1214 5044 1427 5107 Λάϐαν,
1472 5045 1563 5099 τοῦ
1608 5048 1686 5101 ἔτι

108 5132 308 5186 εἴδωλα
336 5129 758 5202 θεραπεύοντοςς
796 5129 867 5180 Ἣ
895 5128 993 5181 οὐκ
1021 5127 1236 5190 ἀκούεις
1264 5128 1473 5181 Παύλου
1503 5128 1685 5197 λέγον-

106 5231 220 5278 τος,
246 5214 328 5266 ὃτι
357 5212 650 5282 μυστήριόν
683 5214 828 5264 ἐστιν
859 5212 887 5263 6
920 5211 1115 5279 γάμος,
1151 5211 1242 5263 καὶ
1269 5210 1429 5264 εἰκών
1453 5212 1566 5264 ἐστι
1589 5213 1687 5280 τῆς

110 5298 334 5366 ἀγάπης
354 5295 447 5349 τοῦ
476 5294 713 5365 Χριστοῦ
734 5331 748 5357 ,
797 5294 864 5365 ἢν
893 5294 1021 5364 περὶ
1063 5293 1161 5363 τὴν
1224 5294 1545 5364 Ἐκκλησίαν
1587 5297 1688 5347 ἐπ-

108 5380 380 5445 ιδείξατο;
405 5378 497 5449 Μὴ
529 5377 707 5431 τοίνυν
741 5376 1188 5447 καταισχύνωμεν
1220 5377 1463 5441 ἑαυτοὺς,
1495 5376 1588 5430 καὶ
1620 5376 1689 5430 τά

111 5462 291 5533 σεμνά
325 5458 418 5513 τοῦ
454 5461 634 5530 γάμου
673 5459 1091 5530 διαφθείρωμεν.
1154 5460 1217 5511 Εἰ
1259 5459 1358 5528 μὲν
1389 5461 1495 5529 γάρ
1526 5459 1688 5512 καλόν

112 5542 230 5597 ἐστι
252 5543 315 5595 τὸ
339 5543 438 5611 τῆς
473 5541 783 5611 συμϐουλῆς
809 5542 903 5595 καὶ
929 5540 1205 5610 ἐπωφελὲς
1229 5582 1243 5604 ,
1286 5542 1388 5594 κᾶν
1439 5543 1512 5613 μὴ
1564 5560 1688 5594 συν-

112 5627 271 5696 ήθεια
293 5624 351 5698 ᾖ,
380 5626 611 5694 γινέσθω
646 5640 661 5654 ⁸
701 5626 749 5676 εί
792 5625 850 5677 δὲ
883 5624 1085 5695 βλάϐην
1122 5624 1243 5693 ἔχον
1285 5626 1377 5678 καὶ
1410 5626 1575 5678 πολὺν
1598 5626 1689 5678 τὸν

115 5708 336 5781 ὄλεθρον
383 5708 443 5761 τὸ
490 5705 584 5761 νῦν
620 5708 751 5778 παρ’
775 5706 927 5776 ὑμῶν
957 5705 1366 5777 ἐπιτελούμενον
1386 5748 1400 5772 ,
1438 5706 1539 5760 κάν
1567 5724 1688 5760 συν-

121 5793 272 5862 ήθεια
303 5786 358 5865 ᾖ,
384 5789 918 5859 ἐγκοπτέσθω.Ἐπεὶ
948 5791 995 5843 εί
1022 5788 1178 5843 τοῦτο
1214 5792 1684 5862 συγχωρήσαιμεν,

124 5876 211 5931 καὶ
254 5877 281 5930 6
331 5874 593 5941 κλέπτων,
635 5875 727 5928 καὶ
764 5876 792 5929 ὁ
824 5873 1118 5947 πορνεύων,
1174 5874 1261 5927 καὶ
1301 5876 1327 5929 ὀ
1380 5874 1478 5944 τὴν
1523 5874 1686 5947 ἀλλην

1112 298 1181 354 IN
1214 298 1365 355 CAP.
1405 280 1571 357 xxix
1613 301 1861 360 GENES.
1903 307 2132 362 IIOMIL.
2174 307 2288 362 LVI

3229 308 3333 365 688

1774 416 1989 470 ἃπασαν
2030 417 2224 470 κακίαν
2263 415 2694 487 ἐπιδεικνύμενος
2716 458 2730 481 ,
2764 417 2861 488 τήν
2891 416 3172 489 συνήθειαν
3207 420 3343 490 ἡμῖν

1768 500 2149 571 προϐαλεῖταιο
2194 501 2307 554 ἀλλ’
2360 503 2512 555 οὐδὲν
2557 501 2663 554 ἀπὸ
2706 501 2894 554 τούτου
2949 500 3136 571 κέρδος
3191 503 3341 574 αὑτῷ

1765 583 1936 645 ἔσται,
1968 584 2085 637 οὑδέ
2122 584 2437 656 συγγνώμη,
2464 585 2598 638 ἀλλά
2624 586 2719 638 καὶ
2760 585 2924 654 πολλὴ
2955 586 2986 654 ή
3016 586 3340 658 κατηγορία,

1766 666 1847 719 ὅτι
1876 667 1973 718 οὑκ
2006 667 2191 736 ἴσχυσε
2218 668 2503 737 συνηθείας
2532 668 2910 737 περιγενέσθαι
2941 670 3199 736 πονηρᾶς.

1837 747 1902 817 β’.
1943 749 2067 801 Ἐὰν
2105 751 2213 820 γὰρ
2253 749 2568 820 βουλώμεθα
2600 751 2824 818 νήφειν,
2873 749 2967 802 καὶ
3011 749 3210 819 πολλὴν
3246 749 3345 819 τῆς

1766 829 1972 882 ἑαυτῶν
2007 832 2278 901 σωτηρίας
2300 832 2564 884 ποιεῖσθαι
2592 833 2689 901 τὴν
2714 830 2989 902 φροντίδα,
3009 830 3346 901 δυνησόμεθα

1766 915 1860 966 καὶ
1904 914 2002 984 τῆς
2055 916 2231 985 κακῆς
2275 915 2559 985 συνηθείας
2581 915 2913 983 ἀποστῆναι,
2943 913 3038 967 καὶ⁵
3063 916 3144 976 είς
3177 913 3346 981 καλὴν

1768 995 2053 1065 συνήθειαν
2091 997 2316 1059 ἑαυτοὺς
2348 997 2573 1065 ἀγαγεῖν
2599 1012 2615 1028 ο
2673 998 2765 1049 καὶ
2795 997 2935 1048 οὑτω
2961 996 3056 1049 καὶ
3086 999 3199 1059 τοῖς
3226 996 3346 1065 μεθ’

1768 1078 1916 1146 ἡμᾶς
1964 1078 2026 1132 οὑ
2085 1079 2284 1149 μικράν
2337 1078 2645 1149 παρέξομεν
2682 1078 2935 1148 ἀφορμὴν
2970 1078 3065 1131 τοῦ
3102 1078 3170 1131 τὰ
3208 1078 3347 1131 αὑτὰ

1769 1158 1995 1228 ζηλοῦν,
2046 1160 2140 1213 καὶ
2176 1160 2285 1215 τῶν
2324 1160 2417 1213 ὑπ’
2449 1161 2672 1214 ἐκείνων
2703 1159 3149 1231 κατορθουμένων
3185 1163 3347 1230 ἡμεῖς

1770 1240 2055 1312 ληψόμεθα
2087 1242 2179 1295 τὸν
2228 1242 2437 1314 μισθόν.
2480 1244 2538 1296 '0
2564 1244 2672 1313 γάρ
2699 1242 2799 1314 τὴν
2834 1241 3007 1313 ἀρχὴν
3051 1241 3347 1312 παρασχὼν

1768 1324 1868 1391 τῆς
1898 1325 2069 1395 καλῆς
2102 1325 2242 1390 ὀδοῦ,
2278 1319 2431 1390 οὗτος
2461 1326 2687 1379 καὶτῶν
2711 1326 2801 1394 ὑφ’
2832 1324 3031 1396 ἐτέρων
3051 1326 3348 1394 γινομένων

1770 1405 1918 1478 [541]
1943 1408 2113 1470 αἴτιος
2138 1407 2310 1471 ἔσται,
2342 1410 2438 1462 καὶ
2464 1407 2688 1461 διπλοῦν
2714 1410 2988 1477 κομιεῖται
3015 1407 3104 1459 τὸν
3135 1407 3344 1477 μισθὸν,

1770 1490 1909 1559 ὑπὲρ
1929 1483 2004 1542 ὧν
2024 1507 2081 1542 τε
2104 1490 2266 1553 αὑτὸς
2288 1491 2558 1562 κατορθοῖ,
2580 1491 2721 1562 ὑπὲρ
2747 1485 2821 1544 ὧν
2840 1507 2898 1542 τε
2925 1490 3141 1559 ἐτέρους
3153 1490 3347 1559 ἐπάγει

1769 1574 1849 1634 εἰς
1866 1572 1965 1642 τὴν
1991 1573 2219 1643 ἀρίστην
2247 1572 2449 1643 ταύτην
2486 1573 2819 1642 φιλοσοφίαν.
2845 1573 2933 1643 Μή
2961 1589 3050 1643 μοι
3073 1572 3141 1625 τά
3165 1572 3349 1645 ψυχρά

1770 1655 1950 1707 ἐκεῖνα
1998 1657 2214 1726 ῥήματα
2258 1656 2352 1709 καὶ
2397 1656 2632 1725 γέλωτος
2670 1657 2907 1726 γέμοντα
2948 1655 3347 1725 προϐάλλεσθε,

1769 1735 2016 1805 λέγοντες
2046 1738 2252 1808 νόμιμά
2272 1756 2392 1791 τινα
2411 1735 2549 1792 εἶναι
2576 1740 2769 1799 ταῦτα,
2803 1739 2896 1791 καὶ
2919 1737 3009 1790 διά
3032 1738 3191 1791 τοῦτο
3210 1737 3349 1808 πλη-

1770 1819 1996 1890 ροῦσθαι
2023 1824 2147 1891 χρή.
2171 1822 2245 1873 Οὑ
2266 1822 2439 1875 ταῦτα
2453 1823 2559 1892 γὰρ
2582 1822 2810 1891 νόμιμον
2833 1823 2980 1873 ποιεῖ
2993 1820 3347 1881 συνοικέσιον,

1771 1901 1906 1955 ἀλλά
1951 1901 2010 1955 τὸ
2062 1903 2202 1956 κατὰ
2246 1905 2371 1968 τοὺς
2414 1904 2507 1957 τοῦ
2547 1904 2681 1957 Θεοῦ
2719 1902 2915 1973 νόμους
2954 1901 3090 1973 μετά
3135 1918 3351 1972 σωφρο-

1775 1984 1937 2055 σύνης
1971 1985 2064 2038 καὶ
2107 1986 2433 2057 σεμνότητος
2466 1988 2562 2058 τὴν
2592 1986 2901 2039 συνέλευσιν
2934 1984 3212 2053 γίνεσθαι,
3256 1986 3349 2037 καὶ

1772 2072 1836 2139 τῇ
1866 2069 2085 2139 ὁμονοίᾳ
2118 2070 2530 2140 συμπεπλέχθαι
2582 2069 2709 2133 τοὺς
2753 2068 3002 2139 ἀλλήλοις
3048 2067 3347 2129 συνιόντας.

1772 2150 1940 2204 Τοῦτο
1982 2150 2077 2203 καὶ
2118 2151 2167 2204 οἱ
2221 2151 2418 2217 έξωθεν
2466 2152 2613 2205 ίσασι
2646 2152 2836 2222 νόμοι,
2882 2153 2976 2203 καὶ
3005 2150 3210 2220 ἀκούσῃ
3243 2148 3350 2203 τῶν

1772 2234 1899 2303 περὶ
1944 2232 2119 2287 ταῦτα
2162 2234 2531 2303 ἐσχολακότων
2575 2234 2840 2302 λεγόντων
2862 2274 2877 2298 ,
2910 2234 2991 2286 ὅτι
3023 2231 3350 2284 συνοικέσιον

1772 2315 1921 2367 οὐδὲν
1967 2315 2151 2386 ἕτερον
2193 2316 2504 2387 συνίστησιν
2553 2317 2586 2386 ἢ
2640 2316 2913 2387 συνήθεια.
2944 2315 3034 2384 Μὴ
3053 2315 3229 2367 τοίνυν
3260 2314 3349 2366 καὶ

1771 2398 1897 2461 τοὺς
1941 2398 2035 2450 τοῦ
2079 2398 2211 2451 Θεοῦ
2254 2399 2451 2467 νόμους
2480 2399 2813 2471 παραϐῶμεν
2849 2397 2986 2468 μετὰ
3013 2399 3121 2449 τῶν
3147 2396 3353 2469 ἀνθρω-

1774 2480 1960 2544 πίνων,
2002 2482 2097 2533 καλ⁵
2127 2481 2481 2551 προτιμῶμεν
2509 2482 2635 2544 τοὺς
2668 2480 3005 2543 διαϐολικοὺς
3035 2479 3230 2549 νόμους
3258 2479 3352 2531 καὶ

1772 2562 1869 2634 τήν
1895 2562 2165 2634 ’ὀλεθρίαν
2214 2564 2415 2635 ταύτην
2460 2563 2748 2635 συνήθειαν
2775 2584 2786 2596 ·
2824 2564 3030 2617 ἐκείνου
3080 2563 3189 2632 γάρ
3237 2563 3353 2615 ἐστι

1773 2645 1935 2714 νόμος
1961 2646 2154 2710 ταῦτα,
2189 2646 2284 2699 τοῦ
2313 2648 2592 2718 χαίροντος
2624 2648 2711 2699 ἀεὶ
2746 2649 2813 2717 τῇ
2852 2644 3097 2715 ἀπωλείᾳ
3124 2647 3189 2715 τῇ
3220 2645 3355 2713 ἡμε-

1771 2728 1926 2797 τέρᾳ.
1985 2728 2049 2780 Τί
2080 2724 2172 2781 οὖν
2198 2728 2264 2782 ἀν
2295 2729 2503 2796 γένοιτο
2534 2730 3059 2799 καταγελαστότερον
3092 2727 3190 2795 τῆς
3223 2743 3353 2778 συν-

1774 2810 1961 2882 ηθείας
1986 2810 2190 2882 ταύτης
2208 2851 2223 2873 ,
2258 2813 2383 2865 ὅταν
2415 2812 2519 2865 ὑπὸ
2554 2812 2779 2864 οἰκετῶν
2800 2813 2895 2865 καὶ
2919 2808 3352 2881 τριωϐολιμαίων

1776 2893 2077 2965 ἀνθρώπων
2107 2895 2416 2965 σκώμματα
2444 2894 2536 2946 καὶ
2560 2894 2825 2965 λοιδορίας
2858 2893 3121 2964 ἀπείρους
3154 2892 3352 2961 δέχωνρ

1775 2992 1867 3029 ται
1902 2979 1994 3030 καὶ
2019 2979 2048 3030 6
2079 2976 2216 3047 ἀνὴρ
2245 2978 2339 3030 καὶ
2360 2978 2393 3047 ή
2421 2976 2557 3047 γυνὴ
2578 3017 2592 3041 ,
2617 2978 2711 3029 καὶ
2738 2977 2912 3039 οὐδεὶς
3010 2978 3038 3028 ὀ
3060 2974 3350 3044 ἐπιτιμῶν,

1774 3057 1888 3111 ἀλλ’
1928 3059 2103 3124 ἔξεστι
2141 3059 2220 3129 τῷ
2258 3059 2562 3130 βουλομένῳ
2614 3058 2783 3122 ἀδεῶς
2827 3058 2970 3111 κατὰ
2992 3058 3089 3127 τὴν
3116 3056 3353 3126 ἑσπέραν

1776 3141 1992 3196 ἅπαντα
2037 3141 2386 3211 φθέγγεσθαι,
2419 3144 2509 3195 καὶ
2544 3142 2755 3211 βάλλειν
2789 3144 2900 3203 τοῖς
2932 3138 3230 3207 σκώμμασι
3258 3138 3353 3192 καὶ

1776 3226 1868 3279 τὸν
1916 3225 2148 3294 νυμφίον
2207 3222 2302 3275 καὶ
2356 3225 2457 3293 τὴν
2509 3223 2756 3294 νύμφην;
2811 3224 2921 3276 Καὶ
2960 3224 3018 3275 ἐν
3056 3221 3219 3291 ἑτέρᾳ
3255 3221 3353 3290 μὲν

1777 3311 1961 3380 ήμέρᾳ
1993 3309 2087 3362 ἐάν
2117 3325 2201 3370 τις
2222 3308 2544 3379 ἐπιχειρήσῃ
2570 3306 3008 3377 λοιδορήσασθαι,
3031 3304 3354 3372 δικαστήρια

1778 3393 1947 3464 αὐτῷ,
2002 3392 2097 3446 καὶ
2146 3392 2458 3459 ἀπαγωγαὶ,
2511 3392 2607 3444 καὶ
2658 3390 2936 3442 κίνδυνοι·
2983 3388 3105 3439 τότε
3153 3386 3230 3449 δὲ,
3265 3388 3355 3440 ὅτε

1782 3477 2015 3549 μάλιστα
2050 3475 2250 3546 πολλὴν
2291 3474 2456 3544 ἐχρῆν
2498 3468 2639 3525 εἶναι
2682 3472 2782 3542 τήν
2817 3470 2968 3536 αἰδὼ,
3015 3469 3213 3539 πολλὴν
3256 3469 3356 3540 τὴν

1778 3557 2142 3628 κοσμιότητα,
2192 3555 2391 3626 πολλὴν
2428 3556 2527 3624 τὴν
2557 3555 2778 3622 ἁγνείαν
2797 3594 2812 3618 ,
2848 3552 3115 3621 τοσαύτης
3142 3552 3356 3605 ἅπαντα

1780 3638 2110 3712 πληροῦνται
2139 3639 2237 3709 τῆς
2263 3637 2650 3708 ἀσχημοσύνης
2671 3676 2686 3701 ,
2713 3636 2787 3699 ὼς
2826 3635 2974 3697 είκὺς
2998 3636 3089 3688 τὸν
3115 3633 3356 3687 διάϐολον

1781 3720 2188 3794 στρατηγοῦντα
2242 3719 2414 3773 ταῦτα
2467 3720 2681 3772 ἅπαντα
2731 3717 3153 3769 ἐπιδείκνυσθαι.
3196 3715 3354 3770 Ἀλλά

1784 3808 1857 3878 μή
1904 3804 2300 3874 δυσχεραίνετε,
2350 3800 2650 3871 παρακαλῶ
2683 3817 2697 3831 ο
2737 3800 2857 3852 οὐδὲ
2900 3799 3008 3869 γὰρ
3046 3797 3233 3860 ἁπλῶς
3276 3799 3357 3862 είς

1777 3890 1965 3943 τοῦτον
2012 3886 2202 3956 ἐξέϐην
2244 3885 2334 3938 τὸν
2375 3885 2552 3953 λόγον,
2593 3882 2729 3945 ἀλλά
2759 3882 3054 3952 κηδόμενος
3077 3881 3229 3950 ὑμῶν
3262 3884 3354 3937 καὶ

1780 3972 1878 4042 τῆς
1919 3969 2189 4041 σωτηρίας
2237 3969 2331 4021 καὶ¹
2374 3968 2471 4038 τῆς
2522 3965 2837 4036 εὐκοσμίας,
2889 3964 2983 4017 καὶ
3040 3963 3356 4033 βουλόμενος

1781 4055 1925 4125 ὑμᾶς
1960 4053 2060 4122 τὴν
2103 4052 2331 4122 ἀρίστην
2366 4050 2568 4119 ταύτην
2610 4046 2907 4117 μεταϐολὴν
2945 4045 3352 4111 ἐπιδείξασθαι,

1782 4138 1876 4192 καὶ
1906 4136 2007 4205 τῆς
2039 4135 2211 4204 καλῆς
2242 4133 2445 4202 ταύτης
2472 4130 2753 4201 συνηθείας
2784 4129 3060 4200 ἀρχηγοὺς
3085 4128 3355 4198 καταστῆ-

1782 4237 1885 4275 ναι.
1924 4217 2048 4273 Ἐάν
2075 4218 2181 4287 γάρ
2210 4215 2367 4286 μόνον
2399 4213 2541 4286 ἀρχὴ
2585 4212 2681 4266 καὶ
2710 4212 2830 4275 ὀδὸς
2851 4212 3075 4280 γένηται
3104 4210 3197 4263 τοῦ
3219 4210 3355 4281 πρά-

1781 4319 2010 4372 γματος,
2045 4301 2186 4353 κατὰ
2223 4297 2413 4369 μικρὸν
2441 4292 2521 4359 εἷς
2545 4295 2638 4349 τὸν
2662 4295 2757 4349 ἕνα
2779 4293 3064 4365 ζηλοῦντες
3087 4293 3176 4346 τὸν
3196 4291 3356 4347 καλὸν

1780 4384 1968 4438 τοῦτον
2005 4383 2097 4437 καὶ
2126 4381 2407 4435 ἐπαινετὸν
2433 4379 2617 4449 ζῆλον,
2643 4379 2850 4440 πάντας
2872 4377 3155 4439 ἐπαινέτας
3184 4376 3353 4440 ἕξετε,

1783 4467 1880 4521 καὶ
1900 4465 1959 4518 οὐ
2002 4465 2160 4534 μόνον
2194 4466 2243 4516 οἱ
2283 4463 2383 4532 τὴν
2412 4461 2566 4514 πόλιν
2593 4460 2868 4522 οἰκοῦντες
2893 4460 3221 4530 μιμήσονται
3259 4458 3356 4529 τὴν

1784 4546 2077 4616 καλλίστην
2112 4544 2315 4615 ταύτην
2343 4542 2642 4613 μεταϐολὴν
2665 4581 2680 4607 ,
2708 4540 2845 4595 ἀλλὰ
2872 4542 2963 4595 καὶ
2992 4542 3113 4604 τοὺς
3141 4541 3358 4612 πόρρω-

1785 4630 1875 4685 θεν
1905 4628 2183 4692 οἰκοῦντας
2207 4624 2605 4690 ἐπισπάσεσθε,
2647 4625 2740 4679 καὶ
2781 4624 3026 4693 ζηλωτάς
3062 4625 3359 4694 ὑμετέρους

1784 4712 2183 4781 καταστήσετε,
2226 4709 2321 4764 καὶ
2354 4708 2749 4763 πολυπλασίονα
2788 4709 2880 4761 τὸν
2912 4708 3063 4777 παρὰ
3092 4705 3184 4759 τοῦ
3222 4704 3356 4757 Θεοῦ

1785 4795 2062 4866 κομιεῖσθε
2098 4792 2390 4862 στέφανον,
2418 4792 2500 4846 ὅτι
2528 4791 2615 4844 διὰ
2649 4791 2740 4844 τὸν
2773 4791 2868 4843 τοῦ
2909 4789 3043 4842 Θεοῦ
3077 4789 3238 4857 φόϐον
3262 4787 3357 4839 καὶ

1785 4878 1882 4949 τὴν
1911 4879 2040 4948 παρ’
2073 4874 2237 4929 αὑτοῦ
2270 4874 2505 4945 ἐντολήν,
2534 4875 2633 4944 τῆς
2658 4873 2951 4942 σατανικῆς
2978 4870 3179 4939 ταύτης
3205 4886 3358 4938 περι-

1785 4962 2045 5030 γεγόνατε
2096 4958 2400 5028 συνηθείας.
2470 4956 2607 5009 Ἀλλ’
2658 4957 2740 5009 ὅτι
2792 4956 2889 5025 μὲν
2948 4952 3162 5017 δέξεσθε
3219 4950 3358 5020 μετά

1788 5044 2093 5116 προθυμίας
2120 5042 2321 5111 ταύτην
2349 5043 2382 5111 ή
2391 5040 2504 5111 μῶν
2524 5039 2622 5109 τὴν
2640 5037 2966 5108 συμϐουλὴν,
2986 5036 3076 5088 καὶ⁵
3099 5037 3177 5095 είς
3198 5035 3355 5104 ἔργον

1785 5128 1953 5197 αὐτὴν
1986 5126 2171 5191 ἄξετε,
2212 5124 2414 5192 σφόδρα
2448 5122 2767 5189 πέπεισμαι.
2832 5118 3001 5187 Ὀρῶν
3048 5116 3156 5187 γὰρ
3214 5119 3356 5187 ὑμᾶς

1790 5210 1928 5280 μετά
1956 5209 2220 5278 τοσαύτης
2246 5206 2435 5277 ήδονῆς
2461 5203 2755 5266 ἀκούοντας
2774 5201 2882 5254 τῶν
2905 5200 3227 5270 λεγομένων,
3249 5201 3357 5253 ἀπὸ

1784 5292 1880 5346 τοῦ
1912 5292 2105 5363 κρότου
2140 5290 2234 5343 καὶ
2258 5289 2366 5342 τῶν
2389 5286 2623 5340 ἐπαίνων
2649 5284 2999 5355 στοχάζομαι,
3019 5284 3099 5337 ὅτι
3116 5283 3204 5335 καὶ
3222 5283 3353 5354 πρὸς

1785 5377 1884 5449 τὴν
1924 5375 2014 5431 διὰ
2047 5374 2155 5428 τῶν
2200 5373 2376 5444 ἔργων
2416 5368 2750 5441 κατόρθωσιν
2802 5366 3209 5437 ἐπειχθήσεσθε.
3268 5364 3360 5419 Διδ

1787 5459 2073 5531 ἀρκεσθεὶς
2104 5459 2215 5520 τοῖς
2243 5457 2361 5525 είρη
2370 5453 2551 5525 μένοις
2570 5452 2662 5504 ἐπὶ
2686 5450 2784 5523 τὴν
2809 5450 3130 5506 ἀκολουθίαν
3154 5450 3248 5505 τοῦ
3269 5449 3357 5503 λό-

1788 5559 1886 5611 γου
1934 5539 2207 5610 ἐπανήξω.
2260 5537 2372 5595 Καὶ
2417 5535 2685 5603 ἐγένετο,
2738 5534 2933 5604 φησὶν,
2966 5532 3226 5601 ἑσπέρα,
3258 5533 3358 5587 καί

1787 5627 1964 5680 ἔλαϐε
1990 5623 2191 5679 Λάϐαν
2223 5620 2339 5687 τὴν
2365 5619 2548 5673 Λείαν
2569 5617 2682 5686 τὴν
2708 5617 2999 5688 θυγατέρα
3026 5616 3232 5683 αὐτοῦ,
3258 5616 3360 5671 καί

1790 5707 2109 5777 εισήγαγεν
2156 5702 2350 5770 αὐτὴν
2398 5701 2548 5769 πρὸς
2590 5700 2698 5755 τὸν
2747 5701 2969 5755 Ἰακώϐ.

1861 5792 1953 5859 Μὴ
1987 5788 2166 5851 ἁπλῶς
2210 5786 2345 5859 μηδὲ
2376 5785 2534 5839 τοῦτο
2578 5784 3049 5854 παραδράμωμεν·
3094 5783 3208 5837 ἔστι
3252 5782 3359 5850 γάρ

1795 5873 1886 5928 καὶ
1918 5873 1979 5926 ἐκ
2005 5870 2192 5925 τούτου
2240 5868 2409 5924 πολλὰ
2449 5867 2695 5924 συνιδεῖν·
2727 5867 2783 5922 ἓν
2816 5868 2911 5936 μὲν
2944 5865 3036 5921 τοῦ
3080 5864 3269 5920 Ἰακὼϐ
3298 5864 3356 5917 τὸ
