3782 6244
433 268 532 324 689

428 383 719 442 ἄπλαστον,
756 376 847 431 καὶ
888 378 1036 440 ὅπως
1076 377 1253 447 πάσης
1287 378 1543 449 πονηρίας
1589 378 1743 440 ἐκτὸς
1767 376 1843 429 ὢν
1865 391 2006 443 παρ-

428 464 698 535 εκρούσθη
734 479 747 493 ο
792 462 1042 531 δεύτερον
1111 462 1202 527 δὲ,
1255 462 1337 514 ὅτι
1399 462 1541 532 μετά
1601 460 1869 529 τοσαύτης
1919 459 2007 511 εὐ-

429 549 661 618 κοσμίας
712 547 925 599 ἅπαντα
980 543 1227 612 ἐγίνετο,
1300 545 1391 597 καὶ
1439 543 1675 614 οὐδαμοῦ
1727 541 2007 613 λαμπάδες

429 633 525 686 καὶ
550 632 756 702 χορεῖαι
796 629 891 681 καὶ
926 626 1080 696 φῶτα
1108 627 1208 695 τὴν
1240 628 1429 699 χρείαν
1460 628 1857 699 ὑπερϐαίνοντα
1883 666 1898 688 ,
1932 626 2008 688 ὡς

429 715 525 768 καὶ
564 714 663 782 τὴν
710 711 928 781 ἀπάτην
956 710 1053 763 τοῦ
1098 710 1284 763 Λάϐαν
1313 712 1392 773 εἰς
1425 710 1585 781 ἔργον
1617 710 1811 762 ἐλθεῖν.
1852 710 2008 761 Ἐστι

426 798 484 850 δέ
514 797 605 850 καὶ
635 793 728 848 τοῦ
743 793 929 847 Λάϐαν
946 792 1196 845 ἐντεῦθεν
1223 794 1548 847 καταλαϐεῖν
1572 792 1671 863 τὴν
1702 792 1827 862 περὶ
1855 789 2005 862 [542]

425 880 519 932 τὸν
556 875 750 931 Ἰακὼϐ
782 875 1184 946 φιλοστοργίαν,
1233 876 1403 929 Τοῦτο
1440 875 1548 946 γὰρ
1590 875 2006 946 ἐμηχανήσατο,

431 961 753 1032 βουλόμενος
795 960 887 1011 ἐπὶ
930 958 1113 1011 πλεῖον
1157 959 1408 1027 κατέχειν
1438 958 1569 1029 παρ’
1599 957 1777 1027 ἐαυτῷ
1810 957 1901 1011 τὸν
1928 957 2009 1009 δί-

430 1064 602 1100 καιον.
631 1044 849 1114 Ἐπειδὴ
867 1042 975 1112 γὰρ
996 1042 1113 1111 ᾔδει
1137 1042 1217 1095 ὃτι
1246 1042 1462 1112 ἐκείνης
1488 1041 1829 1113 περιεκαίετο
1850 1053 1898 1103 ο,
1916 1041 2009 1093 καὶ

429 1132 478 1182 εί
506 1129 600 1182 τοῦ
629 1126 1065 1197 σπουδαζομένου
1096 1124 1375 1195 ἐπέτυχεν,
1399 1124 1498 1178 οὐκ
1525 1124 1592 1178 ἂν
1623 1124 1793 1177 εἵλετο
1825 1123 2008 1176 λοιπὸν

430 1210 531 1283 τῆς
563 1212 728 1273 Λείας
760 1210 947 1263 ἕνεκεν
976 1209 1075 1277 τὴν
1101 1208 1343 1261 δουλείαν
1379 1208 1679 1279 ὑποστῆναι
1704 1246 1719 1270 ,
1760 1206 1881 1259 οὐδὲ
1910 1206 2008 1277 τὴν

433 1295 548 1365 μετ’
565 1293 729 1347 αὐτοῦ
753 1292 1063 1361 συνοίκησιν
1081 1308 1095 1322 ·
1117 1290 1204 1344 διά
1228 1290 1387 1343 τοῦτο
1415 1290 1750 1361 θεασάμενος
1772 1292 1801 1343 6
1823 1289 2007 1342 Λάϐαν

427 1375 526 1431 τού
553 1376 747 1447 ἀνδρὸς
768 1376 866 1446 τὴν
895 1374 1116 1445 ἀρετὴν,
1146 1374 1240 1427 κα)⁸
1268 1372 1463 1427 ἐννοῶν
1486 1374 1561 1438 ὡς
1586 1374 1684 1427 οὐκ
1717 1372 1783 1427 ἂν
1806 1372 2008 1442 ἑτέρως

430 1459 595 1512 αὐτοῦ
628 1460 968 1529 περιγένοιτο
1005 1458 1098 1510 καὶ
1130 1456 1335 1509 πείσειε
1360 1495 1376 1516 ,
1414 1456 1512 1527 τὴν
1552 1457 1770 1526 ἀπάτην
1805 1455 2008 1523 ταύτην

431 1543 745 1613 εἰργάσατο,
771 1542 864 1595 καὶ
890 1541 1107 1594 δίδωσιν
1137 1539 1288 1611 αὐτῷ
1310 1541 1410 1611 τὴν
1438 1540 1603 1593 Λείαν
1638 1540 1773 1611 μετά
1798 1539 2008 1608 Ζελφᾶς

430 1625 529 1695 τῆς
560 1623 867 1694 παιδίσκης.
910 1619 1045 1677 Εἶτα
1071 1621 1466 1694 ἐγκαλούμενος
1499 1622 1603 1676 ὐπὸ
1631 1622 1723 1675 τοῦ
1760 1622 1969 1675 δικαίου
1989 1660 2004 1685 ,

430 1707 572 1770 τίνος
620 1708 803 1760 ἕνεκεν
832 1706 900 1760 τὰ
926 1707 1025 1777 τῆς
1056 1706 1273 1774 ἀπάτης
1306 1705 1621 1776 εἰργάσατο,
1652 1704 2008 1775 εὐπρόσωπον

428 1789 724 1857 ἀπολογίαν
750 1789 1063 1860 ἐποιήσατο.
1103 1788 1321 1860 Ἐπειδὴ
1358 1790 1467 1859 γὰρ
1499 1786 1652 1842 εἶπεν
1690 1789 1719 1841 6
1772 1786 1964 1841 Ἰακὼϐ
1989 1827 2004 1851 ,

437 1872 605 1937 Τίνος
622 1872 831 1925 ἕνεκεν
850 1872 1029 1925 τοῦτό
1041 1887 1139 1940 μοι
1161 1872 1455 1939 ἐποίησας
1472 1890 1490 1936 ;
1510 1875 1581 1926 οὐ
1600 1872 1732 1941 περὶ
1757 1869 1865 1937 τῆς
1896 1872 2009 1925 Ῥα-

431 1955 554 2023 χὴλ
573 1954 911 2010 ἐδούλευσά
935 1968 1073 2017 σοι;
1098 1954 1194 2008 καὶ
1220 1956 1322 2009 ἵνα
1346 1956 1401 2009 τί
1426 1956 1805 2025 παρελογίσω
1823 1971 1934 2025 ys;
1958 1954 2009 2008 τί

430 2054 597 2107 φησιν
615 2039 644 2090 6
663 2037 847 2091 Λάϐαν
868 2054 882 2102 ;
913 2039 1035 2091 Οὐκ
1065 2038 1237 2091 ἐστιν
1255 2038 1441 2104 οὕτως
1460 2038 1528 2091 ἐν
1546 2037 1625 2103 τῷ
1645 2040 1804 2104 τόπῳ
1824 2039 2011 2104 τούτῳ

429 2120 639 2174 δοῦναι
661 2120 775 2187 τὴν
792 2118 1105 2187 νεωτέραν,
1127 2121 1268 2189 πρὶν
1288 2119 1325 2188 ἣ
1348 2120 1777 2188 πρεσϐυτέραν.
1800 2119 2011 2173 Συντέ-

429 2208 621 2257 λεσον
641 2198 756 2258 οὖν
774 2204 868 2256 καί
894 2205 1113 2271 ταύτης
1132 2205 1205 2259 τὰ
1221 2204 1460 2273 ἕϐδομα,
1482 2205 1580 2258 καὶ
1598 2203 1769 2258 δώσω
1790 2217 1889 2258 σοι
1910 2203 2009 2257 καὶ

432 2287 655 2353 ταύτην
675 2287 807 2340 ἀντὶ
828 2285 938 2354 τῆς
956 2287 1260 2357 ἐργασίας,
1280 2283 1356 2356 ἧς
1373 2287 1598 2356 ἐργάσῃ
1619 2289 1753 2355 παρ’
1772 2286 1901 2356 ἐμοὶ
1920 2286 2010 2340 ἐτι

431 2369 581 2423 ἑπτὰ
606 2368 732 2436 ἐτη.
750 2370 913 2439 Ὁρᾷς
938 2370 1019 2422 ὅτι
1048 2368 1205 2423 τοῦτο
1226 2370 1357 2423 αὐτὸ
1382 2370 1769 2441 μηχανώμενος
1795 2369 2012 2423 ἅπαντα

432 2450 854 2506 κατεσκεύασεν.
875 2452 1091 2523 Ἐπειδὴ
1112 2453 1221 2523 γὰρ
1242 2448 1348 2506 είδε
1368 2453 1457 2505 τὸν
1478 2452 1649 2524 ἔρωτα
1681 2453 1736 2506 6v
1766 2454 1894 2525 περὶ
1913 2453 2011 2524 τὴν

432 2534 601 2604 κόρην
639 2535 899 2603 ἐκέκτητο
922 2576 937 2600 ,
977 2536 1146 2605 φησί’
1185 2536 1276 2607 Μὴ
1310 2536 1536 2607 νομίσῃς
1584 2537 1871 2608 ἠδικῆσθαί
1928 2553 2009 2594 σε.

447 2617 660 2690 Ἐπειδὴ
682 2618 791 2690 γὰρ
810 2616 963 2684 οὗτος
994 2620 1122 2691 παρ’
1144 2621 1299 2690 ήμῶν
1325 2621 1353 2672 6
1379 2621 1557 2690 νόμος,
1581 2619 1721 2673 ὥστε
1748 2620 2012 2691 πρότερον

430 2701 531 2771 τὴν
550 2702 927 2774 πρεσϐυτέραν
951 2703 1212 2756 ἐκδιδόναι
1232 2702 1417 2773 ἀνδρί·
1446 2703 1533 2755 διά
1561 2702 1715 2756 τοῦτο
1738 2704 1835 2773 μὲν
1856 2703 2014 2756 τοῦτο

430 2783 749 2854 γεγένηται·
771 2785 917 2857 λήψῃ
936 2787 991 2839 δὲ
1010 2786 1104 2839 καὶ
1122 2785 1323 2856 ταύτην
1342 2788 1407 2856 ἢν
1429 2786 1630 2849 ποθείς,
1654 2785 1748 2838 ἐάν
1767 2785 1835 2838 τὰ
1853 2786 2013 2854 ὅμοια

432 2866 528 2935 ἔτη
566 2868 661 2921 καί⁵
696 2868 835 2939 ὑπὲρ
867 2870 1037 2938 αὐτῆς
1065 2869 1373 2939 δουλεύσης.
1400 2869 1585 2923 Ταῦτα
1614 2868 1852 2932 ἀκούσας
1882 2869 1910 2921 6
1936 2868 2015 2921 δί-

434 2965 586 3012 καιος
624 2950 853 3020 ἑτοίμως
891 2950 1105 3004 ἅπαντα
1142 2951 1460 3016 κατεδέξατο
1481 2992 1496 3017 ,
1535 2952 1628 3004 καὶ
1669 2951 1806 3021 μετὰ
1843 2950 2013 3005 ταῦτα

430 3033 594 3103 ἐτερα
620 3033 760 3086 ἐτττὰ
796 3034 912 3101 ἐτη,
938 3035 1183 3102 Ἔδωκε,
1206 3036 1390 3105 φησὶν,
1411 3034 1571 3101 αὐτῷ
1591 3035 1707 3104 τὴν
1724 3036 2014 3104 θυγατέρα

431 3115 620 3169 αὐτοῦ
654 3116 881 3190 Ῥαχὴλ
902 3116 1175 3186 γυναῖκα.

486 3204 555 3263 γ’.
574 3198 735 3267 Ὁρᾷς
755 3198 917 3253 πάλιν
937 3200 1019 3253 ὅτι
1039 3200 1107 3253 τά
1122 3201 1231 3253 τῶν
1246 3199 1437 3268 γάμων
1452 3200 1661 3269 γίνεται
1681 3202 1816 3271 μετά
1834 3201 2014 3274 πάσης

438 3280 812 3349 κοσμιότητος.
832 3281 968 3334 Ἀλλ’
984 3283 1197 3336 ἀκούων
1215 3284 1298 3337 ὅτι
1319 3282 1477 3335 ἔλαϐε
1497 3282 1598 3355 τὴν
1617 3284 2011 3356 πρεσϐυτέραν,

440 3361 536 3414 xal
557 3362 716 3415 πάλιν
740 3365 839 3432 τὴν
857 3364 1148 3435 νεωτέραν,
1174 3365 1248 3436 μὴ
1273 3367 1570 3437 ταραχθῇς,
1596 3367 1728 3437 μηδὲ
1754 3368 1891 3439 πρὸς
1917 3369 2015 3441 τὴν

435 3443 532 3498 νῦν
568 3449 901 3499 κατάστασιν
936 3448 1005 3501 τά
1040 3448 1162 3501 τότε
1201 3450 1381 3519 κρῖναι
1417 3450 1736 3521 πράγματα.
1759 3451 1892 3505 Τότε
1916 3453 2014 3523 μὲν

435 3527 546 3596 γὰρ
564 3566 579 3592 ,
614 3529 798 3601 ἐπειδὴ
829 3529 974 3602 ἀρχὴ
1003 3532 1096 3584 καὶ
1124 3531 1385 3602 προοίμια
1410 3526 1501 3602 ὴν,
1535 3537 1892 3605 συνεχωρεῖτο
1921 3536 2014 3588 καὶ

432 3610 558 3663 δυσὶ
577 3613 672 3666 καὶ
688 3614 833 3686 τρισὶ
853 3613 1070 3681 γυναιξί
1090 3616 1185 3669 καὶ
1211 3614 1419 3668 πλείοσι
1453 3614 1762 3685 μίγνυσθαι,
1784 3615 1923 3669 ὥστε
1954 3619 2015 3671 τὸ

438 3692 596 3759 γένος
622 3696 917 3767 ἐκταθῆναι
934 3713 948 3728 ’
970 3697 1088 3751 νυνὶ
1105 3698 1183 3763 δὲ,
1206 3698 1499 3770 ἐπειδὴδιά
1517 3699 1617 3771 τὴν
1634 3698 1727 3753 τοῦ
1754 3701 1892 3755 Θεοῦ
1920 3702 2017 3773 χά-

439 3794 522 3846 ριν
543 3777 637 3831 καὶ
657 3778 717 3831 τὸ
735 3779 841 3834 τῶν
861 3780 1165 3853 ἀνθρώπων
1183 3782 1337 3851 γένος
1357 3784 1450 3836 ἐπὶ
1473 3782 1608 3837 πολὺ
1637 3783 1840 3855 πλῆθος
1864 3785 2016 3838 ἐκτέ-

433 3876 614 3926 ταται,
640 3863 733 3915 καὶ
752 3863 820 3915 τά
839 3866 939 3934 τῆς
958 3864 1160 3935 ἀρετῆς
1191 3866 1429 3920 ἐπίδοσιν
1459 3865 1603 3937 ἔσχε.
1626 3862 2014 3937 Παραγενόμεν-

432 3959 524 4006 νος
558 3944 669 4015 γὰρ
704 3946 733 3997 6
769 3946 1018 4017 Χριστὸς,
1041 3948 1137 4000 καὶ
1172 3948 1271 4019 τὴν
1306 3948 1507 4020 ἀρετὴν
1525 3950 1937 4018 καταφυτεύσας
1956 3951 2015 4003 ἐν

434 4028 547 4089 τοῖς
565 4026 891 4101 ἀνθρώποις,
915 4030 1007 4082 καὶ
1026 4029 1310 4098 ἀγγέλους,
1328 4031 1404 4093 ὡς
1423 4032 1616 4096 εἰπεῖν,
1637 4032 1694 4098 ἐξ
1715 4031 2016 4105 ἀνθρώπων

439 4109 633 4171 αὐτοὺς
654 4111 1048 4181 ἐργασάμενος,
1073 4113 1289 4166 ἃπασαν
1306 4113 1510 4183 ταύτην
1527 4117 1625 4187 τὴν
1644 4116 1879 4170 παλαιὰν
1900 4134 2015 4173 συν-

442 4194 630 4265 ήθειαν
662 4193 940 4261 ἐξέκοψεν.
958 4194 1121 4265 Ὁρᾷς
1140 4195 1258 4258 πῶς
1274 4196 1335 4249 οὐ
1356 4197 1438 4250 δεῖ
1463 4198 1749 4269 συνήθειαν
1776 4202 2014 4272 προϐάλ-

441 4278 646 4340 λεσθαι,
670 4275 804 4328 ἀλλά
834 4277 894 4329 τὺ
921 4278 1190 4349 χρήσιμον
1224 4279 1503 4350 πανταχοῦ
1536 4282 1846 4353 ἐπιζητεῖνς
1881 4286 2012 4340 ’ἰδοὺ

436 4360 566 4429 γὰρ,
588 4358 772 4429 ἐπειδὴ
795 4363 938 4431 κακὴ
958 4356 1026 4431 ἦν
1046 4360 1183 4431 αὓτη
1207 4363 1240 4432 ἡ
1263 4362 1541 4433 συνήθεια,
1565 4364 1666 4433 ὅρα
1698 4366 1815 4429 πῶς
1834 4367 2013 4434 ἐξεκό-

436 4461 535 4513 πη,
551 4443 644 4496 καὶ
662 4444 761 4495 οὐκ
784 4443 959 4509 ἔξεστι
981 4444 1074 4497 νῦν
1093 4446 1267 4499 οὐδενὶ
1285 4447 1486 4516 ταύτην
1507 4448 1900 4518 προϐάλλεσθαι
1914 4452 2013 4524 τὴν

439 4524 746 4596 συνήθειαν.
785 4526 1053 4597 Μηδαμοῦ
1088 4527 1265 4581 τοίνυν
1289 4568 1304 4592 ,
1346 4531 1646 4601 παρακαλῶ
1669 4570 1685 4596 ,
1728 4535 2013 4604 συνήθειαν

436 4608 701 4678 ἐπιζήτει,
726 4609 860 4662 ἀλλά
881 4610 944 4663 τὸ
962 4612 1231 4683 χρήσιμον
1259 4613 1431 4684 ζήτει,
1454 4616 1549 4667 καὶ
1572 4616 1727 4686 μὴτὸ
1744 4617 2014 4688 ψυχοϐλα-

435 4693 557 4756 ϐἐς·
586 4693 679 4745 καὶ
697 4693 814 4745 είτι
832 4695 1087 4763 τυγχάνει
1109 4696 1290 4760 καλὸν,
1313 4698 1414 4751 κᾶν
1454 4698 1529 4769 μὴ
1632 4702 1905 4772 συνήθεια,
1928 4721 2013 4772 γι-

434 4776 608 4860 νέσθω
639 4776 767 4848 παρ’
789 4777 970 4848 ἡμῶν
998 4778 1063 4832 ἂν
1088 4778 1143 4832 δέ
1174 4798 1227 4833 τι
1257 4780 1536 4853 βλαϐερὸν,
1560 4784 1659 4836 κᾶν
1678 4786 1736 4837 ἐν
1756 4787 2011 4860 συνηθείᾳ

432 4856 489 4933 ᾖ,
512 4858 802 4929 φεύγοιμεν
822 4860 916 4913 καὶ
935 4861 1427 4933 ἀποστρεφώμεθα.
1451 4866 1560 4919 Kal
1598 4866 1800 4930 ἔδωκε,
1825 4856 2006 4939 φησὶν,

447 4943 657 4998 Ἰακὼϐ
682 4943 908 5013 Ῥαχὴλ
931 4945 1079 5013 μετὰ
1102 4945 1343 5013 Βάλλας
1362 4946 1469 5015 τῆς
1491 4948 1835 5019 παιδίσκης.
1860 4948 2012 5018 Εἶδες

433 5028 573 5097 πόση
593 5028 626 5097 ή
650 5027 965 5097 φιλοσοφία;
988 5029 1183 5099 Μήπου
1204 5030 1554 5101 ἀνδραπόδων
1572 5032 1791 5099 ἀγέλαις
1812 5038 1883 5107 μή
1906 5052 2010 5089 που

433 5114 813 5182 γραμματεῖα,
852 5112 945 5164 καὶ
983 5111 1266 5183 συνθῆκαι,
1304 5114 1398 5167 καὶ
1436 5114 1676 5185 αἱρέσεις
1713 5117 1914 5172 ἐκεῖναι
1954 5122 2010 5174 αἱ

435 5192 850 5275 καταγέλαστοι,
869 5192 995 5247 Ἐὰν
1022 5195 1140 5248 τόδε
1160 5196 1405 5266 γένηται,
1427 5198 1520 5251 καὶ
1541 5198 1635 5252 ἐάν
1654 5199 1769 5253 τόδε
1793 5203 2008 5275 συμϐῇς

436 5276 547 5328 Kal
581 5274 802 5341 εὐθέως,
826 5276 954 5347 πρὶν
990 5278 1023 5349 ἢ
1065 5279 1357 5344 συνελθεῖν,
1377 5283 1426 5335 ol
1462 5283 1564 5336 οὐκ
1603 5284 1801 5349 εἰδότες
1835 5287 2013 5342 οὐδἐἰ

440 5359 604 5429 μέχρι
628 5358 781 5433 [545]
820 5362 919 5432 τῆς
938 5362 1178 5436 ἑσπέρας
1194 5364 1507 5436 διαμενοῦσι
1526 5368 1575 5433 ιι,
1599 5367 1667 5422 τὰ
1689 5369 1827 5440 μετά
1847 5371 2014 5428 πολὺν

440 5442 674 5512 ἐσόμενα
722 5444 912 5516 χρόνον
949 5446 1007 5498 ἐν
1040 5449 1152 5511 τοῖς
1187 5450 1585 5519 γραμματείοις
1639 5454 1976 5511 συντιθέασιν
1997 5472 2008 5486 ·

498 5615 524 5683 _‘
552 5613 767 5683 ςρηῇᾳῑι
783 5617 933 5683 ὃθνίἰ.
957 5619 1134 5683 ἐκείνης
1153 5619 1257 5683 πέρι
1283 5620 1483 5669 ἐκαίετο.

496 5677 524 5717 h
546 5676 626 5727 Sic
643 5678 788 5728 Coisl.
816 5681 1021 5743 oplime.
1048 5676 1295 5731 Edebaiur
1315 5684 1601 5743 διαμένουσι.
1632 5682 1764 5733 lina.

1134 265 1189 319 S.
1227 260 1511 319 JOANNIS
1540 257 2030 317 CIIRYSOSTOMI
2067 257 2386 317 ARCIIIEP.
2426 263 2975 322 CONSTANTINOP.

3592 260 3691 318 690

2122 373 2246 426 Ἐάν
2261 375 2502 438 ἄτεκνος.
2518 376 2988 448 φησὶ,τελευτήσῃ,
3002 372 3096 427 ἐὰν
3113 372 3295 426 παιδία
3311 370 3591 443 ἐσχηκὼς,
3605 373 3696 424 καὶ

2105 456 2206 509 ὅσα
2241 457 2484 510 τοιαῦτα.
2503 459 2643 510 Ἀλλ’
2662 460 2895 512 ἐνταῦθα
2926 458 3078 510 οὐδὲν
3113 456 3377 518 τοιοῦτον,
3402 454 3545 507 ἀλλά
3571 472 3696 506 παι.

2105 540 2296 609 δίσκην
2320 541 2447 611 μίαν
2470 543 2675 615 ἑκάστῃ
2693 543 2813 607 δοὺς
2833 543 2862 594 6
2883 541 3084 612 πατὴρ,
3101 540 3240 593 οὕτω
3257 540 3358 604 τὰς
3381 538 3699 609 θυγατέρας

2108 622 2361 687 ἐξεδίδου.
2398 624 2703 693 Ἠγάπησε
2754 624 2841 690 δὲ,
2883 625 3037 695 φησὶ,
3072 622 3300 691 Ῥαχὴλ
3346 620 3603 691 μᾶλλον
3658 621 3697 687 ἦ

2108 706 2310 769 Λείαν,
2367 706 2463 759 καί
2516 706 2882 762 ἐδούλευσεν
2932 705 3093 771 αὐτῷ
3145 704 3295 759 ἑπτὰ
3350 705 3460 771 ἐτη
3497 704 3692 770 ἕτερα.

2122 787 2340 860 Ἐπειδὴ
2377 788 2485 861 γάρ
2524 789 2584 853 ἐξ
2618 792 2787 861 ἀρχῆς
2808 791 2895 844 διὰ
2912 790 3012 861 τὴν
3031 788 3330 859 εὐμορφίαν
3349 786 3577 857 ἠράσθη
3595 786 3695 855 τῆς

2108 872 2295 941 κόρης,
2322 872 2473 942 μόλις
2507 871 2563 925 δὲ
2602 876 2819 943 τυχεῖνο
2844 890 2974 927 ποτε
3010 872 3244 942 ἠδυνήθη
3268 869 3361 924 τοῦ
3390 868 3693 932 σπουδαζο-

2112 956 2295 1025 μένου,
2316 958 2553 1028 ἐκείνην,
2577 960 2730 1030 φησι,
2754 957 2914 1009 πλέον
2950 956 3160 1025 ὴγάπα,
3182 956 3324 1025 ἤπερ
3360 954 3460 1023 τὴν
3503 952 3691 1005 Λείαν.

2108 1042 2217 1092 Καὶ
2254 1041 2362 1111 γὰρ
2396 1044 2429 1112 ὴ
2468 1042 2671 1112 ταύτης
2706 1039 2997 1111 εὐμορφία,
3019 1040 3202 1108 φησὶν,
3225 1037 3509 1106 ἐφείλκετο
3528 1034 3692 1089 αὐτὸν

2108 1125 2188 1187 εἰς
2207 1124 2297 1177 τὸν
2321 1127 2447 1195 περὶ
2464 1126 2638 1196 αὐτὴν
2660 1125 2840 1178 πόθον.
2859 1123 2995 1176 Ἀλλ’
3016 1125 3118 1191 ὅρα
3140 1139 3227 1193 μοι
3247 1119 3483 1174 ἐνταῦθα
3503 1118 3693 1171 λοιπὸν

2107 1207 2200 1259 τοῦ
2241 1210 2509 1261 Δεσπότου
2548 1214 2645 1279 τὴν
2682 1209 2886 1277 ἄφατον
2912 1205 3341 1277 φιλανθρωπίαν,
3367 1203 3462 1255 καὶ
3484 1202 3602 1264 πῶς
3625 1202 3693 1253 τὰ

2110 1292 2237 1361 παρ’
2259 1291 2423 1344 αὐτοῦ
2444 1291 2848 1360 ἐπαγγελθέντα
2884 1289 3025 1344 κατά
3047 1288 3239 1359 μικρὸν
3258 1288 3335 1349 εἰς
3357 1285 3520 1353 ἔργον
3542 1286 3691 1351 ἄγει.

2120 1371 2177 1424 Ὁ
2199 1372 2306 1445 γὰρ
2332 1372 2521 1440 εἰπὼν,
2543 1375 2623 1427 ὅτι
2649 1374 2895 1443 Ἔσομαι
2916 1372 3065 1442 μετὰ
3089 1370 3227 1434 σοῦ,
3247 1365 3694 1435 διαφυλάσσειν

2107 1470 2181 1509 σε
2206 1456 2269 1509 ἐν
2303 1454 2470 1525 πάσῃ
2505 1456 2643 1522 ὀδῷ,
2664 1451 2704 1529 ᾖ
2729 1457 2837 1511 ἐὰν
2861 1453 3180 1525 πορευθῇς,
3201 1453 3297 1507 καὶ
3325 1452 3405 1505 ὅτι
3432 1448 3697 1512 Αῠεανῶ

2107 1558 2181 1596 σε
2218 1541 2317 1596 καὶ
2353 1540 2659 1608 πληθυνῶ,
2682 1542 2843 1603 αὐτὸς
2877 1541 2972 1595 καὶ
3007 1540 3104 1593 νῦν
3140 1540 3351 1593 ἅπαντα
3390 1534 3687 1601 οἰκονομεῖ.

2107 1624 2219 1679 Καὶ
2254 1624 2339 1678 ίνα
2377 1624 2577 1697 μάθῃς,
2610 1625 2773 1679 άκουε
2810 1625 2902 1677 καὶ
2940 1622 3108 1691 αὐτῆς
3145 1621 3242 1689 τῆς
3278 1618 3427 1681 θείας
3463 1617 3693 1686 Γραφῆς

2107 1708 2265 1763 τοῦτο
2299 1707 2485 1777 σαφῶς
2510 1706 2776 1776 λεγούσης
2790 1722 2804 1737 ·
2823 1706 2983 1760 Ἰδὼν
3014 1703 3083 1759 δέ
3102 1705 3315 1771 Κύριος
3337 1704 3370 1755 ὀ
3396 1700 3562 1764 Θεὸς.
3583 1716 3691 1767 φη-

2110 1797 2214 1858 σὶν,
2240 1791 2328 1845 ὅτι
2352 1790 2611 1861 μισεῖται
2640 1790 2803 1853 Λεία,
2825 1789 3032 1857 ἤνοιξε
3055 1787 3171 1855 τὴν
3196 1786 3431 1855 μήτραν
3455 1780 3653 1847 αὐτῆς
3673 1799 3687 1809 ·

2120 1874 2347 1944 Ῥαχὴλ
2383 1875 2451 1927 δὲ
2486 1870 2563 1943 ἦν
2608 1873 2836 1940 στεῖρα.
2878 1872 2985 1926 Kal
3030 1868 3329 1923 συνέλαϐε
3365 1866 3508 1920 Λεία
3531 1903 3547 1921 .
3584 1863 3689 1916 καί

2107 1959 2313 2013 ἔτεκεν
2331 1957 2466 2011 υἱὸν
2493 1954 2574 2021 τῷ
2606 1953 2971 2024 ’1ακώϐ.’Ὁρα
2990 1953 3083 2006 τοῦ
3106 1951 3412 2021 εὐμηχάνου
3431 1944 3567 2000 Θεοῦ
3585 1946 3690 2013 τὴν

2110 2041 2319 2110 σοφίαν.
2339 2038 2555 2109 Ἐπειδὴ
2575 2042 2608 2109 ὴ
2635 2039 2732 2106 μὲν
2761 2037 2869 2091 ἀπὸ
2897 2036 2997 2104 τῆς
3019 2034 3318 2106 εὐμορφίας
3350 2031 3447 2102 τὴν
3471 2027 3687 2081 εὔνοιαν

2109 2124 2459 2178 ἐπεσπάσατο
2494 2121 2586 2176 τοῦ
2624 2121 2835 2193 ἀνδρὸς,
2869 2122 2902 2191 ή
2939 2120 2996 2173 δέ
3030 2118 3231 2188 ταύτης
3266 2113 3689 2183 ἀπεστερημένη

2114 2208 2385 2276 μισεῖσθαι
2421 2205 2628 2266 ἐδόκει,
2664 2202 2867 2272 ταύτην
2905 2204 3004 2272 μὲν
3039 2200 3291 2269 διεγείρει
3328 2197 3462 2267 πρδς
3498 2195 3685 2263 γονὴν,

2111 2290 2321 2358 ἐκείνης
2339 2289 2397 2341 δὲ
2418 2290 2581 2359 πηροί
2598 2287 2694 2359 τὴν
2718 2289 2946 2358 μήτραν,
2965 2284 3245 2357 ἀμφότερα
3263 2281 3348 2336 διά
3366 2279 3461 2351 τὴν
3478 2278 3685 2331 οἰκείαν

2110 2372 2517 2443 φιλανθρωπίαν
2537 2370 2854 2441 οἰκονομῶν,
2877 2368 2962 2424 ἵνα
2982 2369 3073 2421 καὶ
3093 2368 3229 2437 αὐτη
3248 2364 3335 2419 διὰ
3352 2364 3417 2417 τὰ
3438 2362 3499 2426 ἐξ
3517 2361 3683 2425 αὐτῆς

2109 2458 2400 2528 τικτόμενα
2437 2459 2539 2526 σχῇ
2576 2473 2697 2509 τινα
2732 2454 3102 2526 παραμυθίαν,
3126 2449 3461 2521 ἐφελκομένη
3481 2447 3563 2508 εἰς
3595 2445 3684 2528 τὸν

2112 2542 2238 2613 περὶ
2256 2526 2426 2610 αὐτὴν
2451 2539 2610 2593 πόθον
2628 2539 2719 2592 τὸν
2738 2538 2925 2608 ἄνδρα,
2946 2536 3171 2605 κάκείνη
3197 2534 3270 2604 μὴ
3290 2532 3375 2585 διὰ
3403 2529 3461 2582 τὸ
3474 2612 3479 2613 ν
3493 2526 3683 2613 κάλλος

2111 2608 2207 2679 καλ
2234 2624 2331 2694 τὴν
2362 2608 2664 2695 εὐμορφίαν
2699 2619 3149 2689 κατεξανιστῆται
3186 2616 3282 2687 τῆς
3303 2612 3558 2681 ἀδελφῆς.
3581 2608 3683 2695 Kal

2111 2692 2397 2773 διήνοὶεε,
2422 2692 2574 2776 (Pila.
2596 2705 2710 2773 τὴν
2731 2705 2966 2774 μήτραν
2993 2699 3203 2768 αὐτῆς.
3225 2698 3477 2754 Μάνθανε
3507 2692 3682 2776 ἐντεῦέ

2113 2791 2227 2854 θεν,
2248 2775 2519 2860 ἀγαπητέ,
2540 2789 2622 2842 ὃτι
2658 2789 2688 2840 6
2724 2786 2831 2841 τῶν
2869 2786 3120 2840 ἁπάντων
3154 2778 3477 2854 δημιουργός
3498 2778 3639 2860 ἐστιν
3657 2775 3687 2825 6

2112 2875 2181 2927 τὰ
2220 2873 2397 2927 πάντα
2426 2858 2749 2942 οἰκονομῶν,
2773 2871 2867 2923 καὶ
2902 2869 2998 2939 τὴν
3027 2868 3197 2937 ,φύσιν
3225 2864 3393 2932 αὐτὴν
3411 2858 3683 2928 διεγείρων

2114 2957 2250 3028 πρὸς
2268 2956 2452 3026 γονὴν,
2471 2955 2566 3009 καὶ
2584 2955 2665 3008 ὅτι
2683 2954 2835 3007 οὐδὲν
2852 2953 2948 3023 τῆς
2972 2950 3251 3013 συνουσίας
3269 2946 3478 3028 ὄφελος,
3500 2943 3576 3028 μὴ
3592 2942 3681 3009 τῆς

2113 3021 2319 3094 ἀνωθεν
2356 3021 2671 3108 συμμαχίας
2707 3021 3019 3107 γενομένης.
3049 3033 3146 3086 Διά
3181 3030 3289 3102 γάρ
3323 3026 3483 3081 τοῦτο
3518 3021 3682 3086 εἶπεν,

2112 3122 2195 3177 ὅτι
2214 3120 2486 3187 Διήνοιξε
2517 3119 2634 3188 τὴν
2659 3118 2895 3190 μήτραν
2925 3117 3135 3184 αὐτῆς,
3157 3116 3243 3168 ἵνα
3261 3111 3477 3182 γνῶμεν
3496 3110 3579 3162 ὅτι
3597 3108 3684 3160 αὐ·

2112 3204 2203 3268 τὸς
2236 3206 2266 3259 6
2297 3203 2574 3273 Δεσπότης
2589 3202 2864 3273 ἠϐουλήθη
2882 3202 2980 3272 τὴν
3000 3199 3161 3254 Λείαν
3184 3197 3320 3270 πρὸς
3350 3193 3684 3260 τεκνογονὲαν

2113 3289 2395 3358 διεγεῖραι,
2417 3286 2557 3340 ὥστε
2578 3285 2748 3355 αὐτῆς
2781 3284 2879 3355 τὴν
2913 3282 3148 3353 ἀθυμίαν
3173 3274 3682 3351 παραμυθήσασθαι.

2113 3372 2287 3433 Αὐτὸς
2320 3370 2430 3440 γάρ
2463 3370 2615 3422 ἐστιν
2651 3370 2680 3422 6
2713 3368 2808 3422 καὶ
2843 3368 2901 3420 ἐν
2937 3369 3005 3438 τῇ
3030 3368 3210 3436 μήτρᾳ
3246 3363 3591 3417 διαπλάττων
3625 3358 3685 3412 τά

2118 3453 2292 3525 βρέφη
2313 3453 2407 3506 καὶ
2426 3450 2725 3521 ζωογονῶν,
2745 3449 2993 3521 καθάπερ
3012 3448 3107 3503 καὶ
3124 3446 3285 3501 Δαυϊδ
3305 3462 3470 3516 φησιν
3493 3460 3509 3474 ο
3534 3444 3682 3496 Ἀντ-

2115 3536 2333 3591 ελάόου
2364 3553 2484 3606 μου
2517 3535 2586 3590 ἐκ
2620 3533 2729 3602 τῆς
2760 3533 3020 3605 γαστρὸς
3050 3533 3275 3602 μητρός
3299 3546 3445 3599 μου.
3466 3527 3579 3580 Καὶ
3594 3526 3682 3594 ὅρα

2116 3618 2235 3682 πῶς
2252 3617 2521 3671 δείκνυσιν
2551 3619 2682 3688 ἡμῖν
2718 3618 2752 3688 ὴ
2792 3616 2912 3670 θεία
2930 3614 3120 3687 Γραφὴ
3139 3614 3230 3667 τὸν
3247 3612 3345 3682 τῆς
3364 3609 3584 3679 φύσεως
3599 3607 3683 3675 δη-

2118 3720 2242 3775 μιου
2251 3702 2378 3774 ργδν
2410 3700 2646 3772 ἑκάτερα
2663 3703 2730 3771 τῇ
2749 3700 2926 3771 οἰκείᾳ
2942 3699 3172 3768 δυνάμει
3185 3694 3581 3768 ἐργαζόμενον,
3600 3692 3684 3743 καὶ

2113 3786 2213 3857 τῆς
2253 3785 2354 3856 μὲν
2388 3784 2487 3856 τὴν
2526 3786 2737 3855 μήτραν
2772 3782 3122 3857 διεγείροντα,
3141 3785 3237 3851 τῆς
3272 3778 3330 3832 δὲ
3358 3776 3566 3847 Ῥαχὴλ
3600 3778 3684 3827 ἐτ-

2116 3869 2327 3939 έχοντα.
2349 3866 2625 3937 Δεσπότης
2660 3865 2770 3936 γὰρ
2808 3864 2884 3918 ὣν
2918 3865 3018 3934 τῆς
3056 3864 3293 3933 φύσεως,
3311 3859 3430 3930 μετ’
3449 3857 3684 3939 εὐκολίας

2114 3937 2333 4007 ἅπαντα
2368 3949 2678 4020 ἐργάζεται.
2710 3947 2823 4003 Kal
2858 3946 3175 4007 συνέλαϐε,
3200 3944 3357 4014 φησὶ,
3391 3942 3562 4003 Λεία,
3599 3937 3686 4020 καί

2112 4035 2319 4088 ἔτεκεν
2338 4018 2475 4088 υίδν
2493 4031 2573 4097 τῷ
2603 4032 2801 4086 Ἰακώϐ
2813 4046 2829 4062 °
2860 4029 3117 4083 ἐκάλεσε
3135 4027 3203 4080 δὲ
3220 4026 3283 4080 τὸ
3304 4024 3493 4094 ὄνομα
3512 4018 3687 4076 aiam}

2127 4117 2404 4185 Ῥουϐὴν,
2426 4114 2694 4184 λέγουσα
2713 4130 2728 4146 ο
2752 4114 2873 4166 Ὅτι
2909 4107 3031 4166 εἷδέ
3060 4128 3180 4181 μου
3216 4108 3433 4175 Κύριος
3464 4104 3581 4172 τὴν
3596 4120 3686 4185 τα-

2116 4184 2425 4266 πείνωσιν,
2446 4197 2564 4252 νῦν
2596 4198 2895 4266 ἀγαπήσει
2921 4211 2999 4265 με
3033 4196 3066 4248 ὁ
3102 4190 3254 4260 ἀνήρ
3268 4190 3563 4261 μου.’ορα
3584 4184 3687 4245 πῶς

2115 4280 2413 4355 εὐγνώμων
2451 4282 2484 4351 ἡ
2512 4280 2672 4351 γυνή.
2693 4279 3057 4349 Θεασάμενος,
3079 4277 3231 4346 φησὶ,
3250 4274 3347 4344 τὴν
3370 4268 3688 4355 ταπείνωσξν

2119 4384 2221 4438 μου
2242 4369 2270 4420 6
2291 4353 2587 4434 Ᾱεσπότης,
2608 4362 2849 4433 παρέσχε
2873 4379 2961 4431 μοι
2979 4360 3071 4414 τὸν
3089 4360 3264 4420 τόκον,
3290 4358 3375 4409 ἰ’να
3396 4356 3487 4409 διὰ
3505 4353 3684 4407 τούτου

2115 4449 2471 4520 ἀγαπηθῆναι
2502 4446 2734 4516 δυνηθῶ.
2774 4447 2882 4500 Καὶ
2918 4444 3016 4498 θέα
3054 4462 3146 4512 μοι
3175 4441 3279 4496 τοῦΔ
3308 4439 3685 4509 φιλανθρώπου

2114 4531 2250 4587 Θεοῦ
2283 4531 2381 4602 τὴν
2402 4530 2730 4601 φιλοτιμίαν,
2750 4527 2867 4591 πῶς
2888 4526 3344 4597 ἐπιδαψιλεύεται,
3367 4522 3504 4594 ἐμοῦ
3526 4523 3621 4575 καὶ
3641 4521 3689 4572 τὴ

2112 4616 2207 4669 τοῦ
2244 4614 2454 4669 δικαίου
2494 4612 2716 4684 σπέρμα
2751 4611 2985 4680 αὐξῆσαι
3022 4609 3358 4681 βουλόμενος,
3380 4608 3479 4659 καὶ
3498 4606 3691 4671 ταύτην

2115 4699 2211 4753 νῦν
2248 4696 2628 4766 ποθεινοτέραν
2667 4694 3003 4764 καταστῆσαι
3040 4693 3129 4763 τῷ.
3152 4690 3363 4746 Ἰακώϐ.
3402 4687 3515 4743 Kal
3555 4703 3692 4740 cvr-

2115 4783 2315 4844 έλαϐε,
2336 4780 2489 4850 φησὶ,
2513 4778 2722 4842 πάλιν,
2757 4778 2861 4831 καὶ
2892 4776 3097 4830 ἔτεκεν
3134 4776 3265 4829 υίὸν
3299 4774 3586 4840 δεύτερον
3624 4768 3693 4833 τῷ

2128 4864 2357 4929 Ἰακὼϐ,
2377 4863 2478 4917 καί
2513 4857 2701 4924 εἶπεν,
2725 4861 2813 4915 ὅτι
2835 4861 3101 4915 ἰικουσε
3120 4858 3333 4925 Κύριος
3367 4855 3460 4909 ὅτι
3489 4852 3694 4923 parm}

2109 4966 2237 5020 μαι,
2259 4949 2357 5001 καὶ
2398 4945 2745 5015 προσέδωκό
2776 4962 2878 5015 μοι
2914 4942 3012 4997 καί
3048 4941 3293 4996 τοῦτον·
3326 4938 3424 4992 καὶ
3444 4936 3695 5020 ἐκάλεσε

2114 5018 2179 5087 τὸ
2219 5032 2409 5101 ὄνομα
2440 5027 2630 5084 αὐτοῦ
2667 5026 2930 5097 Συμεών.
2970 5024 3169 5083 Σκόπει
3208 5023 3324 5086 πῶς
3361 5018 3561 5093 [5H]
3613 5018 3696 5084 ἀφ’

2116 5118 2348 5171 ἑκάστου
2388 5112 2494 5168 τῶν
2533 5112 2741 5166 παίδων
2777 5110 3089 5182 εὐχαριστεῖ
3104 5107 3182 5178 τῷ
3200 5105 3587 5177 Δεσπότῃ,καὶ
3619 5105 3697 5154 εὐ-

2115 5200 2351 5271 γνώμων
2390 5196 2601 5269 γίνεται
2634 5195 2766 5267 περὶ
2799 5193 2903 5264 τὴν,
2933 5190 3539 5264 εὐεργεσίαν.Ἤκουσε
3574 5185 3691 5253 γὰρ.

2117 5285 2272 5356 φησὶ,
2306 5283 2341 5336 ό
2376 5281 2612 5350 Κύριος,
2635 5280 2725 5332 ὅτι
2755 5276 3065 5348 μισοῦμαι.
3089 5274 3188 5329 καί
3224 5271 3576 5340 προσέδωκέ
3606 5286 3695 5356 μοί

2116 5352 2214 5424 καί
2234 5367 2453 5422 τοῦτον
2472 5383 2485 5399 ο
2518 5365 2613 5420 καὶ
2631 5362 2719 5422 διὰ
2738 5362 2894 5421 τοῦτο
2924 5360 3203 5420 Ἑιάιιεσε
3221 5357 3288 5414 τὸ
3310 5358 3498 5427 ὄνομα
3517 5352 3695 5411 αὑτοῦ

2124 5450 2384 5521 Συμεών.

2185 5621 2204 5650 ε
2243 5615 2394 5670 Sam.
2417 5619 2469 5665 el
2492 5618 2705 5683 quatuor
2724 5625 2838 5663 mss.
2868 5611 3072 5673 μάλιστα
3090 5612 3142 5661 δὲ
3163 5610 3339 5675 τυχεῖν,
3360 5611 3526 5662 minus
3543 5614 3689 5659 recte.
