3730 6256
97 320 206 377 689

94 433 356 504 deceptus
394 433 466 488 sit
491 452 504 488 :
535 434 849 502 secundum,
880 435 1024 507 quod
1053 445 1197 490 tanta
1218 433 1474 490 facilitate
1498 428 1678 486 omnia

98 526 253 589 flant,
278 533 336 578 et
354 539 616 594 nusquam
642 526 935 596 lampades,
965 527 1194 591 choreae,
1225 526 1470 594 facesque
1493 531 1687 593 praeter

98 628 231 669 usus
270 616 682 671 necessitatem:
709 619 780 672 ita
818 626 879 671 ut
918 626 975 672 et
1008 616 1251 686 deeeptio
1290 615 1469 669 Laban
1499 613 1679 666 locum

102 706 371 761 habuerit.
416 708 712 763 Possumus
754 717 935 763 autem
972 717 1030 764 et
1057 707 1144 762 hic
1176 706 1373 772 videre,
1416 701 1687 774 quomodo

104 796 288 852 Laban
333 813 526 868 magna
569 797 851 853 affectione
887 799 1133 854 dilexerit
1168 796 1352 854 Iacob.
1386 795 1509 850 illoc
1540 793 1691 849 enim

99 898 441 945 commentus
482 898 582 955 est,
613 899 672 945 ut
694 891 893 946 diutius
936 891 1076 961 apud
1103 905 1162 947 se
1183 890 1389 961 justum
1414 889 1686 943 retineret.

97 980 315 1035 Sciebat
336 981 550 1051 quidem
575 981 719 1051 quod
753 982 973 1038 alterius
1001 997 1186 1039 amore
1222 980 1495 1052 ﬂagraret,
1525 988 1687 1048 atque

97 1074 148 1125 si
177 1072 285 1125 voti
322 1087 542 1142 compos
570 1072 741 1141 ﬁeret,
774 1089 880 1129 non
900 1074 1121 1145 eligeret
1141 1071 1360 1143 posthac
1379 1070 1692 1127 servitutem

106 1173 333 1235 promer
362 1165 513 1219 Liam
539 1159 828 1229 sustinere,
862 1180 961 1221 nec
985 1165 1144 1221 vellet
1168 1179 1291 1219 eum
1315 1177 1382 1219 eo
1406 1161 1648 1217 habitare
1672 1174 1689 1214 :

98 1263 161 1309 et
187 1267 469 1326 propterea
505 1252 628 1326 qlia
660 1255 790 1310 vidit
815 1254 997 1309 Laban
1028 1254 1281 1311 virtutem
1306 1254 1426 1321 viri,
1456 1261 1507 1307 et
1539 1250 1691 1321 cogi~

104 1345 239 1399 tavit
265 1360 327 1400 se
355 1360 465 1401 non
500 1347 657 1401 aliter
688 1360 812 1401 eum
844 1345 1063 1401 vincere
1089 1353 1143 1400 et
1168 1344 1491 1417 persuadere
1511 1356 1690 1413 posse,

103 1445 181 1491 ita
202 1452 326 1492 eum
350 1436 583 1507 decepit,
604 1445 661 1493 et
677 1435 825 1493 dedit
844 1437 893 1491 ei
920 1436 1070 1491 Liam
1098 1451 1221 1492 eum
1250 1435 1448 1503 Zelpha
1478 1433 1690 1488 ancilla.

101 1528 314 1584 Deinde
341 1543 463 1583 cum
488 1536 801 1598 argueretur
824 1542 855 1581 a
880 1528 1026 1596 justo
1056 1526 1197 1596 quod
1230 1540 1353 1580 eum
1372 1524 1691 1593 decepisset,

103 1622 392 1677 honestam
419 1620 596 1675 attulit
640 1621 1063 1675 excusationem.
1093 1618 1224 1673 Nam
1246 1626 1530 1688 postquam
1559 1616 1695 1670 dixit

99 1712 271 1771 Jacob
301 1729 314 1765 :
345 1712 436 1767 25.
467 1711 636 1778 Quare
659 1711 784 1765 mihi
808 1711 903 1765 hoc
926 1709 1131 1782 fecisti?
1155 1725 1321 1764 nonne
1352 1717 1557 1778 propter
1582 1706 1695 1761 Ra—

102 1804 220 1855 chel
250 1802 426 1856 servivi
462 1801 593 1855 tibi?
618 1810 666 1856 et
693 1818 850 1872 quare
876 1800 1116 1868 decepisti
1142 1800 1263 1854 me?
1282 1798 1409 1869 quid
1437 1813 1564 1868 ergo
1590 1797 1695 1851 La-

102 1891 253 1946 ban?
290 1891 382 1945 26.
423 1889 545 1945 Non
588 1899 661 1945 est
694 1891 766 1944 sic
809 1890 863 1943 in
892 1890 987 1944 hoc
1036 1890 1147 1943 loco
1187 1897 1240 1942 ut
1275 1888 1496 1943 elocetur
1514 1876 1697 1957 junior

103 1985 251 2052 prius
274 2000 423 2054 quam
449 1984 616 2054 major
643 1992 784 2037 natu.
805 1982 895 2036 27.
926 1982 1124 2051 Perﬁce
1146 1981 1303 2053 igitur
1330 1980 1695 2035 hebdomadam

102 2076 274 2139 istius,
321 2084 367 2128 et
411 2075 541 2128 dabo
586 2074 674 2127 tibi
715 2074 866 2127 etiam
909 2072 1040 2126 hanc
1080 2088 1171 2143 pro
1201 2071 1391 2135 labore,
1436 2078 1484 2124 et
1521 2083 1691 2136 opere,

102 2167 246 2233 quod
270 2165 555 2234 operuberis
597 2164 735 2230 apud
780 2181 859 2219 me
902 2162 1070 2217 adhuc
1112 2163 1259 2216 annis
1296 2169 1502 2231 septem.
1535 2159 1697 2214 Vides

104 2259 261 2313 illum
291 2272 354 2313 ea
382 2256 449 2312 de
470 2271 627 2311 causa
661 2256 772 2311 hcce
794 2256 973 2311 omnia
1004 2261 1361 2310 commentum
1389 2267 1530 2309 esse.
1561 2250 1695 2306 Nam

107 2349 238 2417 quia
266 2347 397 2401 vidit
439 2361 675 2401 amorem
710 2361 869 2416 quem
912 2360 1035 2415 erga
1063 2344 1291 2415 puellam
1325 2342 1574 2406 habebat,
1618 2341 1699 2394 in-

102 2439 270 2509 quit:
298 2437 374 2493 Ne
399 2447 552 2507 putes
595 2437 784 2506 injuria
826 2446 877 2490 te
901 2435 1039 2489 afﬁci
1071 2453 1084 2489 :
1117 2434 1376 2500 Quoniam
1409 2431 1525 2485 hmc
1558 2430 1699 2500 apud

105 2545 212 2584 nos
242 2530 330 2584 lex
358 2536 460 2595 est,
493 2536 548 2583 ut
568 2527 797 2598 primum
827 2525 1024 2597 nuptiis
1064 2524 1301 2579 tradatur
1332 2521 1502 2592 major
1530 2530 1655 2575 natu
1680 2537 1696 2575 :

105 2630 395 2692 propterea
429 2621 533 2677 hoc
562 2620 778 2691 quidem
812 2620 1006 2674 factum
1043 2626 1158 2682 est;
1190 2617 1419 2686 accipies
1444 2626 1622 2671 autem
1645 2624 1702 2671 et

106 2715 253 2769 hanc
281 2728 438 2784 quam
460 2726 629 2780 amas,
652 2714 697 2768 si
723 2712 926 2767 similes
950 2719 1154 2780 septem
1177 2724 1346 2764 annos
1370 2722 1468 2778 pro
1489 2722 1551 2764 ea
1581 2722 1699 2762 ser-

104 2806 300 2861 vieris.
338 2805 541 2873 Quibus
583 2803 776 2859 auditis
796 2804 972 2874 justus
1010 2802 1188 2857 omnia
1231 2809 1477 2871 prompto
1521 2799 1703 2856 animo

106 2897 387 2966 suscepit:
418 2904 472 2952 et
493 2904 614 2965 post
637 2896 735 2950 hos
760 2896 893 2949 alios
915 2908 1085 2948 annos
1123 2901 1325 2962 septem
1354 2891 1451 2963 (a),
1483 2890 1576 2947 28.
1604 2890 1704 2946 Dc-

106 2989 214 3054 dit,
244 2987 430 3058 inquit,
463 2986 640 3041 Laban
664 2985 860 3042 Rachel
880 2986 1041 3055 ﬁliam
1060 3001 1206 3039 suam
1229 2986 1273 3038 ei
1297 2999 1525 3038 uxorem.

186 3081 245 3135 5.
269 3078 569 3151 Polygamia
584 3079 738 3145 olim;
769 3094 903 3132 nunc
939 3076 1293 3146 monogamia;
1318 3091 1427 3129 cur.
1451 3104 1522 3116 —-
1544 3073 1706 3130 Vides

110 3174 312 3228 iterum
335 3172 545 3241 nuptias
567 3171 680 3226 ﬁeri
695 3185 816 3226 eum
837 3184 1025 3239 magna
1046 3168 1341 3223 honestate.
1362 3165 1469 3222 Sed
1485 3165 1706 3221 audiens

108 3279 244 3317 eum
268 3263 541 3333 accepisse
564 3263 825 3332 majorem
852 3270 999 3327 natu,
1031 3269 1086 3315 et
1110 3268 1292 3330 postea
1319 3259 1604 3325 minorem,
1637 3273 1707 3315 ne

113 3354 388 3408 turberis:
416 3368 588 3423 neque
613 3352 904 3408 secundum
931 3360 1126 3406 statum
1152 3351 1242 3420 qui
1261 3364 1401 3405 nunc
1422 3359 1526 3415 est,
1545 3363 1707 3419 opera

108 3460 241 3514 qua:
269 3452 394 3499 tunc
421 3443 554 3499 facta
582 3452 707 3498 sunt
725 3442 953 3513 judices.
1004 3430 1153 3497 Tunc
1177 3441 1319 3496 enim
1350 3441 1477 3510 quia
1507 3440 1708 3510 princi-

114 3538 211 3607 pia
240 3547 415 3603 erant,
448 3535 769 3605 permissum
795 3534 895 3589 fuit
917 3546 1043 3589 cum
1083 3531 1290 3588 duabus
1317 3531 1397 3586 vel
1429 3530 1594 3585 tribus
1622 3528 1711 3585 vel

114 3629 366 3700 pluribus
394 3628 652 3682 uxoribus
680 3625 926 3689 misceri,
966 3634 1027 3678 ut
1059 3622 1352 3678 humanum
1380 3633 1548 3690 genus
1586 3633 1712 3688 pro-

115 3730 447 3792 pagaretur;
475 3733 617 3774 nunc
642 3733 771 3774 vero
795 3717 919 3787 quia
942 3731 1035 3787 per
1054 3715 1147 3771 Dei
1171 3716 1394 3785 gratiam
1422 3711 1711 3766 humanum

113 3826 295 3884 genus
333 3810 485 3865 valde
516 3809 923 3879 multiplicatum
951 3816 1032 3863 est
1051 3849 1066 3873 ,
1096 3807 1264 3863 virtus
1305 3820 1515 3876 quoque
1542 3803 1714 3858 incre-

120 3911 365 3958 mentum
393 3900 617 3969 accepit.
666 3899 969 3954 Adveniens
998 3898 1139 3951 enim
1170 3897 1433 3959 Christus,
1462 3903 1517 3950 et
1544 3897 1731 3967 virtu-_

121 4004 238 4049 tem
270 3992 321 4045 in
356 3990 658 4045 hominibus
688 3987 1313 4059 plantans,angelosque,
1337 3994 1397 4041 ut
1422 3984 1491 4040 ita
1517 3984 1712 4051 dicam,

120 4101 193 4140 ex
216 4083 526 4137 hominibus
556 4082 774 4145 faciens,
806 4094 1022 4135 omnem
1054 4079 1196 4133 illam
1225 4085 1458 4132 veterem
1489 4089 1719 4131 consue-

124 4176 367 4232 tudinem
398 4173 648 4229 abolevit.
675 4171 839 4227 Vides
872 4170 1141 4242 quomodo
1172 4184 1276 4224 non
1306 4176 1549 4238 oporteat
1584 4182 1717 4221 eon-

124 4266 465 4323 suetudinem
499 4274 833 4338 praetexere,
880 4262 973 4318 sed
1015 4261 1155 4332 quod
1190 4261 1388 4329 justum
1428 4268 1511 4315 est
1539 4258 1715 4329 inqui.

124 4359 293 4415 rere?
315 4358 457 4413 Ecce
479 4357 620 4412 enim
644 4355 892 4425 quoniam
916 4355 1055 4408 mala
1084 4360 1197 4407 erat
1224 4352 1339 4407 haec
1365 4350 1715 4419 consuetudo,

125 4451 353 4519 explosa
393 4461 498 4513 est,
547 4458 735 4503 etnon
776 4448 900 4502 licet
930 4446 1021 4500 ulli
1061 4461 1177 4500 eam
1223 4452 1536 4515 praetexere.
1575 4442 1717 4498 Nus-

127 4557 293 4611 quam
324 4540 482 4611 igitur
503 4581 519 4604 ,
551 4539 775 4594 obsecro
800 4578 815 4603 ,
846 4534 1288 4592 consuetudinem
1317 4534 1551 4604 inquiras
1576 4549 1591 4599 ;
1623 4532 1721 4588 sed

128 4633 275 4705 quod
298 4632 368 4686 sit
394 4631 525 4685 utile
553 4644 732 4699 qumre
753 4670 766 4694 ,
810 4644 914 4682 non
943 4626 1084 4697 quod
1113 4626 1306 4679 anima:
1333 4624 1716 4694 perniciosum;

131 4733 194 4779 et
215 4724 259 4777 si
290 4721 415 4792 quid
443 4729 527 4775 est
548 4720 762 4782 bonum,
797 4717 1004 4773 etiamsi
1035 4730 1141 4770 non
1181 4715 1249 4770 sit
1280 4712 1639 4777 consuetudo,
1670 4711 1721 4766 id

134 4816 233 4871 ﬁat
257 4832 284 4870 a
314 4813 466 4868 nobis
497 4812 575 4865 :si
598 4826 724 4864 vero
756 4807 1111 4880 perniciosum
1141 4813 1243 4871 est,
1267 4804 1473 4859 etiamsi
1496 4818 1723 4858 consue-

134 4906 269 4964 tudo
297 4905 386 4969 sit,
410 4903 672 4974 fugiamus
701 4909 754 4955 et
782 4913 1112 4955 aversemur.
1141 4896 1231 4952 29.
1258 4896 1323 4950 Et
1341 4895 1498 4958 dedit,
1530 4894 1718 4965 inquit,

141 4996 310 5051 Jacob
342 4994 611 5048 Rachelem
640 5008 755 5045 cum
780 4988 931 5044 Balla
958 4987 1165 5043 ancilla.
1213 4986 1401 5041 Vidisti
1430 4995 1623 5056 quanta
1655 4985 1724 5039 sit

134 5090 260 5146 haec
285 5084 617 5157 phiIOSOphia
635 5082 735 5153 (b)?
755 5081 891 5137 Num
916 5094 1192 5137 servorum
1206 5092 1396 5147 greges
1409 5076 1433 5130 ’ἒ
1446 5093 1571 5131 num
1593 5092 1723 5148 syn—

203 5222 279 5285 (a)
312 5222 395 5270 Hic
415 5218 657 5285 memoria
671 5217 832 5285 lapsus
850 5213 1040 5285 videtur
1054 5211 1415 5285 Chrysostomus
1560 5209 1627 5285 ait
1639 5215 1724 5285 ea:

132 5272 319 5336 banu'm
350 5282 526 5333 Jawbo
557 5272 811 5329 Rachelem
832 5275 1026 5341 dedisse
1056 5272 1165 5335 post
1199 5272 1319 5341 alios
1349 5280 1541 5341 septem
1572 5283 1726 5341 annos

130 5332 421 5396 servitutis.
447 5350 557 5392 Nam
594 5354 644 5389 in
676 5338 911 5387 Hchraico
944 5332 1081 5384 textu
1125 5342 1178 5385 et
1210 5335 1259 5383 in
1294 5332 1510 5395 Vulgata,
1550 5332 1727 5396 quibus

128 5392 291 5456 Etiam
304 5392 575 5456 consonant
584 5409 695 5450 Lxx
711 5403 1024 5459 Interpretes,
1043 5396 1234 5459 ductam
1256 5397 1307 5444 in
1328 5392 1535 5459 uxorem
1546 5392 1726 5441 Rache-

128 5466 244 5519 \em
268 5480 378 5517 esse
400 5466 574 5516 dicitur
606 5471 721 5512 ante
758 5456 865 5509 illos
886 5465 1081 5520 septem
1116 5457 1237 5507 alios
1259 5456 1518 5520 servitutis
1539 5466 1692 5503 annos
1708 5492 1723 5511 ,

146 5517 192 5592 et
216 5530 493 5592 oonjugium
510 5526 719 5587 septimo
743 5529 850 5585 post
871 5517 1063 5569 ductam
1095 5520 1221 5568 Liam
1242 5517 1324 5567 die
1344 5523 1725 5568 consummatum

142 5588 606 5762 f“figi:Philosophia
638 5647 715 5695 hic
747 5643 977 5716 accipitur
1019 5655 1107 5705 pro
1129 5640 1437 5704 simplicitate
1460 5651 1647 5689 morum
1673 5643 1726 5686 et

144 5724 230 5762 m
297 5712 532 5762 uaalitate
549 5747 564 5762 .
590 5717 643 5759 ut
662 5720 794 5762 saepe
836 5705 951 5755 alias
972 5705 1097 5762 apud
1117 5705 1499 5762 Cluysostomum
1523 5708 1574 5752 et
1596 5699 1724 5762 apud

144 5699 230 5775 ιγὶ
252 5699 532 5776 frugalitate
548 5747 564 5773 ,
590 5717 643 5759 ut
662 5720 794 5771 saepe
836 5699 951 5755 tilias
972 5699 1097 5768 apud
1117 5699 1499 5767 Chrisostomum
1523 5708 1574 5752 et
1596 5699 1724 5764 apud

142 5781 340 5833 veues
351 5819 357 5823 .

1204 320 1270 379 lN
1308 319 1459 377 CAP.
1502 308 1696 371 XXIX.
1726 305 1967 365 GENES.
2014 308 2246 366 HOMIL.
2289 306 2418 367 LVI.

3272 307 3379 369 490

1794 427 2038 498 grapba?
2071 436 2125 480 et
2152 435 2303 496 pacta
2326 469 2341 495 ,
2370 435 2529 497 atque
2567 426 2901 484 conditiones
2950 426 3055 483 illte
3094 427 3329 486 ridicula:
3355 448 3373 485 :

1797 521 1860 577 Si
1876 523 1969 577 hoc
1996 522 2168 591 fuerit,
2188 521 2231 574 si
2250 521 2345 573 hoc
2364 522 2580 575 evenerit
2597 520 2703 576 7Et
2718 521 3020 591 priusquam
3036 522 3375 586 conveniant,

1799 613 2100 669 nescientes
2128 627 2197 666 an
2227 626 2395 682 usque
2418 612 2483 666 ad
2510 627 2786 682 vesperam
2819 622 3089 676 maneant,
3112 629 3231 683 qua:
3257 622 3380 684 post

1798 703 2233 771 multa-tempora
2271 712 2495 758 ventura
2538 712 2708 770 sunt,
2758 704 2811 758 in
2838 704 3007 759 literis
3049 706 3160 760 suis
3196 707 3376 761 consi-

1794 802 2004 865 gnant:
2044 794 2109 850 Si
2132 796 2303 851 liberis
2326 812 2532 864 carens,
2568 798 2735 867 inquit
2756 837 2770 858 ,
2811 798 3080 868 defunctus
3113 798 3266 867 fuerit
3292 799 3379 853 :si

1799 886 1936 955 ﬁlios
1957 886 2206 952 habuerit,
2235 896 2292 941 et
2314 902 2663 957 quaecumque
2691 888 2835 942 talia.
2878 891 2947 943 At
2971 889 3061 943 hic
3086 888 3219 944 nihil
3246 891 3375 957 tale,

1800 977 1896 1032 sed
1919 990 2041 1032 eum
2066 977 2279 1047 utrique
2302 991 2454 1032 suam
2483 977 2729 1033 ancillam
2750 978 3005 1046 dedisset,
3032 979 3170 1035 ﬁlias
3194 982 3378 1036 eloca-

1796 1070 1872 1125 vit
1896 1077 2068 1141 pater.
2121 1069 2212 1125 50.
2260 1068 2452 1123 Dilexit
2487 1078 2657 1124 autem
2681 1111 2698 1136 ,
2732 1070 2936 1140 inquit,
2983 1069 3178 1126 Rachel
3218 1073 3380 1142 magis

1799 1178 1953 1232 quam
1995 1159 2143 1215 Liam
2187 1175 2207 1214 :
2236 1170 2284 1215 et
2326 1161 2525 1215 servivit
2567 1160 2615 1215 ei
2639 1171 2827 1231 septem
2866 1162 3017 1218 annis
3057 1162 3195 1218 aliis.
3243 1164 3378 1232 Quia

1798 1255 1943 1308 enim
1990 1250 2060 1306 ab
2101 1250 2253 1305 initio
2284 1250 2550 1305 adamavit
2579 1251 2805 1320 puellam
2842 1260 3062 1323 propter
3103 1263 3377 1308 venustam

1799 1344 2052 1409 formam,
2078 1351 2133 1398 et
2152 1342 2236 1396 vix
2258 1356 2375 1397 eam
2397 1351 2755 1412 consequutus
2779 1350 2862 1398 est
2884 1360 2897 1396 :
2930 1343 3053 1399 ideo
3076 1358 3193 1399 eam
3212 1346 3381 1415 magis

1799 1433 1987 1490 dilexit
2033 1448 2189 1503 quam
2240 1433 2410 1489 Liam.
2460 1434 2670 1489 Etenim
2719 1433 2858 1488 illius
2904 1444 3154 1491 venustas
3196 1436 3383 1491 allexit

1802 1540 1924 1580 eum
1969 1523 2034 1579 ad
2082 1539 2199 1579 eam
2242 1523 2544 1579 amandam.
2577 1523 2774 1579 Verum
2799 1524 2884 1580 hic
2906 1524 3099 1580 iterum
3125 1526 3245 1581 vide
3275 1526 3380 1582 Do—

1803 1617 1932 1671 mini
1958 1614 2275 1671 ineffabilem
2307 1615 2725 1671 misericordiam
2746 1657 2763 1684 ,
2798 1624 2854 1671 et
2879 1615 3148 1686 quomodo
3171 1633 3290 1688 quae
3312 1620 3383 1673 ab

1802 1708 1918 1777 ipso
1964 1708 2172 1763 fuerant
2213 1707 2473 1777 promissa
2525 1708 2775 1778 paulatim
2805 1709 3090 1779 compleat.
3134 1709 3266 1765 Nam
3292 1710 3383 1780 qui

1802 1797 1936 1853 dixit
1965 1816 1979 1852 :
2011 1798 2124 1853 Ero
2149 1808 2335 1864 tecum,
2362 1800 2644 1854 custodiens
2668 1810 2715 1854 te
2741 1801 2793 1854 in
2814 1802 2952 1855 omni
2976 1803 3057 1855 via
3082 1819 3182 1872 qua
3207 1802 3385 1857 ambu-

1804 1889 1986 1943 laveris
2012 1905 2030 1943 :
2052 1897 2127 1954 et,
2160 1890 2362 1961 Augebo
2398 1900 2444 1945 et
2484 1891 2831 1962 multiplicabo
2860 1902 2907 1945 te
2947 1891 3097 1964 (Gen.
3127 1893 3219 1947 28.
3252 1891 3380 1965 15);

1806 1981 1920 2051 ipse
1940 1982 2100 2038 etiam
2124 1998 2264 2037 nunc
2291 1983 2469 2037 omnia
2500 1982 2788 2053 dispensat.
2821 1984 2890 2037 Et
2912 1992 2966 2037 ut
2992 1984 3043 2037 id
3073 1985 3231 2051 scias,
3261 1984 3385 2039 audi

1804 2073 1971 2142 ipsam
2020 2072 2253 2127 divinam
2279 2073 2604 2142 Scripturam
2632 2075 2733 2128 hoc
2774 2073 3054 2130 manifeste
3095 2074 3382 2130 dicentem.

1806 2165 1895 2219 5!.
1929 2163 1997 2219 Ut
2022 2165 2147 2219 vidit
2167 2174 2334 2218 autem
2359 2164 2609 2219 Dominus
2638 2165 2793 2230 Deus,
2824 2165 2960 2231 quod
2983 2167 3100 2220 odio
3121 2166 3389 2221 haberetur

1803 2248 1921 2315 Lia,
1952 2249 2148 2317 aperuit
2178 2250 2375 2303 vulvam
2402 2250 2514 2319 ejus
2542 2265 2562 2303 :
2600 2249 2794 2304 Rachel
2836 2260 3004 2303 autem
3038 2260 3148 2305 erat
3176 2252 3385 2305 sterilis.

1803 2342 1894 2398 52.
1935 2341 2005 2396 Et
2029 2344 2257 2413 concepit
2300 2343 2433 2411 Lia,
2479 2354 2527 2398 et
2571 2344 2762 2415 peperit
2804 2344 2967 2412 ﬁlium
2991 2343 3205 2398 Iacobo.
3252 2344 3389 2401 Vide

1804 2434 2055 2489 solertem
2102 2434 2197 2490 Dei
2241 2435 2575 2505 sapientiam.
2620 2435 2881 2502 Quoniam
2918 2435 3007 2490 illa
3031 2435 3243 2508 quidem
3275 2437 3390 2506 pul‘

1805 2524 2107 2580 chritudine
2130 2540 2225 2580 sua
2251 2526 2561 2581 conciliarat
2588 2526 2688 2581 sibi
2713 2527 2936 2597 gratiam
2963 2527 3085 2596 viri,
3124 2526 3239 2583 haec
3261 2543 3390 2584 vero

1806 2615 2025 2671 minime
2066 2614 2298 2672 formosa
2327 2616 2452 2672 odio
2478 2616 2661 2672 haberi
2680 2617 2790 2672 visa
2819 2626 2903 2673 est
2928 2636 2942 2672 :
2973 2618 3110 2673 hanc
3140 2619 3387 2675 idoneam

1807 2707 1932 2763 facit
1952 2709 2124 2779 partui
2145 2750 2161 2775 ,
2200 2709 2344 2763 illam
2371 2723 2501 2765 vero
2528 2709 2766 2765 inutilem
2791 2727 2807 2776 ;
2847 2710 2961 2766 hace
2985 2711 3146 2767 ambo
3173 2725 3267 2765 sua
3293 2713 3393 2765 mi-

1808 2798 2099 2854 sericordia
2128 2799 2445 2870 dispensans
2466 2809 2524 2854 ut
2542 2809 2596 2855 et
2615 2800 2733 2857 haec
2756 2816 2849 2869 per
2872 2801 3071 2857 liberos
3100 2801 3189 2873 qui
3219 2818 3287 2857 ex
3328 2818 3391 2858 ea

1810 2892 2164 2947 nascebantur
2198 2893 2443 2948 solatium
2479 2892 2731 2958 haberet,
2758 2894 2810 2947 in
2841 2894 2921 2949 sui
2950 2908 3187 2949 amorem
3216 2894 3391 2949 virum

1810 2984 2082 3051 alliciens;
2112 2993 2166 3039 et
2193 2984 2282 3038 illa
2309 2999 2377 3040 ne
2401 2993 2618 3054 propter
2642 2983 3087 3055 pulchritudinem
3112 2993 3168 3041 et
3195 2985 3393 3040 formo-

1812 3078 2025 3133 sitatem
2067 3076 2323 3132 adversus
2370 3092 2610 3133 sororem
2662 3077 2977 3148 insurgeret.
3031 3076 3101 3132 Et
3143 3079 3392 3150 aperuit,

1786 3169 2016 3239 inquit,
2062 3170 2263 3223 vulvam
2298 3169 2430 3237 ejus.
2472 3168 2626 3224 Disce
2662 3166 2768 3232 hic,
2798 3167 3023 3235 dilecte,
3051 3168 3393 3224 Conditorem

1813 3260 2054 3317 omnium
2083 3260 2263 3315 omnia
2299 3259 2564 3316 moderari
2590 3274 2654 3314 ac
2690 3258 3034 3329 dispensare,
3072 3267 3127 3316 et
3154 3270 3395 3317 naturam

1815 3352 1985 3422 ipsam
2009 3351 2075 3407 ad
2102 3360 2309 3422 partum
2331 3352 2585 3417 excitare,
2607 3351 2912 3423 nullamque
2939 3367 3062 3407 esse
3084 3354 3396 3410 concubitus

1816 3444 2118 3510 utilitatem,
2149 3445 2193 3501 si
2218 3445 2354 3501 absit
2381 3445 2558 3501 divina
2586 3446 2913 3514 cooperatio.
2946 3446 3233 3517 Propterea
3251 3448 3396 3502 enim

1816 3536 1972 3603 dixit,
2003 3537 2213 3607 Aperuit
2240 3537 2438 3592 vulvam
2464 3536 2593 3607 ejus,
2620 3545 2681 3591 ut
2699 3537 2933 3593 sciamus
2959 3538 3192 3593 voluisse
3214 3538 3397 3593 Domi-

1818 3643 1946 3683 num
1976 3626 2123 3682 Liam
2152 3625 2497 3697 procreandis
2545 3625 2728 3682 liberis
2754 3635 2935 3697 aptam
2982 3627 3120 3692 ﬁeri,
3151 3643 3258 3697 quo
3283 3627 3399 3699 ejus

1819 3731 2020 3773 mceror
2049 3716 2326 3772 leniretur.
2370 3715 2491 3785 lpse
2532 3716 2674 3771 enim
2702 3724 2784 3770 est
2808 3717 2899 3787 qui
2945 3716 2997 3771 in
3020 3717 3177 3771 vulva
3205 3716 3402 3787 ﬁgurat

1786 3872 1799 3882 ο
1820 3818 1873 3866 et
1899 3809 2101 3864 animat
2126 3807 2290 3865 fanus
2315 3849 2331 3875 ,
2374 3809 2510 3864 sicut
2536 3816 2591 3863 et
2617 3808 2779 3863 David
2809 3809 2937 3863 dicit
2965 3826 2979 3862 :
3023 3808 3302 3880 Suscepisti
3322 3824 3403 3866 me

1820 3902 1884 3956 de
1911 3910 2051 3956 utero
2072 3902 2249 3955 matris
2276 3916 2401 3955 mea
2420 3899 2590 3970 (Psal.
2622 3900 2746 3955 158.
2772 3901 2883 3971 l5).
2908 3901 2975 3956 Et
2997 3900 3117 3956 vide
3131 3902 3403 3972 quomodo

1820 4001 2082 4048 monstrat
2121 3992 2275 4047 nobis
2302 3992 2478 4047 divina
2513 3990 2787 4061 Scriptura
2824 4001 3028 4046 natura:
3055 3992 3400 4049 Conditorem

1824 4092 2045 4154 utraque
2080 4098 2176 4138 sua
2205 4083 2401 4137 virtute
2425 4082 2783 4147 efﬁcientem;
2818 4098 3007 4152 nempe
3035 4084 3255 4139 alterius
3284 4086 3403 4140 vul-

1821 4189 1940 4228 vam
1977 4172 2222 4229 idoneam
2260 4174 2573 4229 reddentem
2594 4214 2610 4240 ,
2642 4173 2891 4229 Rachelis
2934 4183 3108 4230 autem
3140 4179 3405 4231 constrin-

1822 4274 2056 4336 gentem.
2098 4265 2369 4336 Siquidem
2398 4274 2603 4322 natura:
2641 4266 2897 4321 Dominus
2922 4282 3041 4322 cum
3078 4267 3177 4334 sit,
3227 4271 3405 4326 omnia

1825 4356 1979 4412 facile
2005 4366 2275 4427 operatur.
2321 4357 2388 4411 Et
2426 4357 2673 4426 concepit,
2708 4358 2919 4428 inquit,
2971 4357 3086 4423 Lia,
3131 4369 3181 4413 et
3216 4362 3406 4429 peperit

1827 4450 1990 4518 ﬁlium
2011 4448 2243 4515 Jacobo;
2273 4452 2562 4518 vocavitque
2588 4466 2771 4505 nomen
2799 4450 2910 4519 ejus
2941 4449 3117 4505 Ruben
3138 4492 3151 4514 ,
3184 4451 3355 4506 dicens
3388 4467 3408 4507 :

1832 4543 1963 4611 Quia
1991 4543 2112 4595 vidit
2144 4542 2391 4595 Dominus
2415 4542 2659 4596 vilitatem
2691 4559 2876 4610 meam,
2924 4559 3061 4597 nunc
3105 4541 3282 4614 diliget
3328 4559 3408 4597 me

1825 4638 1900 4691 vir
1933 4653 2092 4690 meus.
2143 4635 2272 4690 Vide
2295 4649 2452 4705 quam
2491 4642 2642 4705 grata
2688 4634 2881 4689 mulier
2920 4634 3050 4690 dicit
3093 4652 3108 4688 :
3146 4635 3410 4697 Dominus

1826 4732 1937 4785 visa
1986 4727 2281 4782 humilitate
2324 4741 2440 4780 mea
2486 4726 2709 4795 pratbuit
2738 4725 2867 4779 mihi
2898 4737 3145 4795 partum,
3192 4735 3411 4794 propter

1826 4838 1984 4894 quem
2014 4820 2221 4891 diligar.
2252 4819 2319 4873 Et
2344 4826 2525 4889 specta
2568 4818 2654 4872 hic
2680 4820 2872 4872 iterum
2896 4858 2912 4882 ,
2957 4816 3225 4886 quomodo
3270 4816 3411 4871 Deus

1828 4912 2137 4971 muneribus
2188 4922 2396 4966 certare
2445 4908 2716 4966 contendit
2760 4923 2882 4963 cum
2912 4922 3011 4972 eo,
3056 4915 3112 4962 et
3151 4906 3410 4961 beneﬁcia

1827 5006 2146 5070 accumulat,
2171 5003 2327 5059 simul
2354 5012 2405 5058 et
2423 5001 2551 5072 justi
2577 5015 2758 5055 semen
2786 4998 2990 5067 augeri,
3013 5007 3067 5053 et
3088 4996 3225 5051 hanc
3244 4998 3415 5068 magis

1828 5097 2029 5153 Jacoho
2047 5092 2327 5150 amabilem
2355 5090 2504 5146 reddi
2521 5091 2724 5144 volens.
2743 5090 2833 5144 55.
2862 5088 2937 5155 Et,
2949 5088 3195 5159 concepit,
3220 5087 3413 5158 inquit,

1830 5193 2029 5256 iterum,
2078 5196 2125 5241 et
2170 5183 2360 5257 peperit
2404 5182 2567 5250 ﬁlium
2594 5180 2873 5235 secundum
2896 5178 3126 5245 Iacobo,
3165 5188 3212 5232 et
3236 5178 3363 5233 dicit
3392 5191 3413 5234 :

1830 5282 2035 5336 Audiuit
2080 5279 2328 5333 Dominus
2366 5274 2500 5346 quod
2530 5273 2646 5328 odio
2674 5273 2859 5326 habeor
2881 5314 2897 5338 ,
2937 5282 2985 5327 et
3021 5273 3256 5342 apposuit
3287 5273 3411 5325 mihi

1830 5374 2068 5436 ethunc;
2095 5380 2139 5425 et
2164 5367 2361 5424 vocavit
2398 5382 2575 5421 nomen
2595 5366 2706 5437 ejus
2751 5364 2993 5436 Symeon.
3025 5364 3255 5420 Attende
3275 5379 3413 5435 quo-

1832 5464 1993 5521 modo
2021 5478 2119 5533 per
2146 5459 2385 5531 singulos
2413 5470 2608 5528 pueros
2633 5456 2832 5525 gratias
2857 5457 2966 5527 agit
2992 5455 3237 5521 Domino,
3263 5464 3318 5510 et
3345 5455 3416 5512 ob

1836 5556 2092 5612 beneﬁcia
2143 5560 2349 5623 gratum
2386 5550 2622 5605 animum
2672 5547 2926 5603 declarat.
2957 5546 3181 5615 Audiuit,
3226 5553 3368 5602 enim
3395 5586 3415 5615 ,

1836 5649 2037 5718 inquit,
2082 5646 2350 5710 Dominus,
2377 5642 2512 5713 quod
2552 5642 2670 5696 odio
2712 5640 2916 5707 habeor,
2954 5649 3001 5695 et
3025 5640 3261 5710 apposuit
3289 5640 3415 5695 mihi

1834 5747 1985 5801 etiam
2010 5742 2144 5797 hunc
2172 5754 2190 5794 :
2219 5744 2502 5808 propterea
2529 5733 2731 5792 Vocavit
2758 5748 2935 5789 nomen
2962 5733 3071 5803 ejus
3098 5730 3342 5804 Symeou.
