3782 6250
348 296 444 354 ιω

417 412 471 466 4.
506 409 691 466 Vidisti
718 409 983 481 quomodo
1008 425 1111 464 non
1135 410 1472 479 simpliciter,
1504 422 1675 477 neque
1717 417 1918 462 temere

347 503 558 557 nomina
572 502 709 557 natis
722 501 999 557 indiderit?
1015 500 1378 555 Vocavitenim
1394 515 1515 554 eum
1529 500 1781 570 Symeon,
1796 512 1921 567 quo-

347 592 487 646 niam
525 591 725 645 audivit
758 591 1007 645 Dominus
1032 588 1130 661 (a).
1167 588 1329 644 Nobis
1364 588 1623 659 siquidem
1663 587 1920 642 Hehraico

348 681 597 735 idiomate
627 696 720 750 per
744 680 845 735 hoc
887 696 1079 735 nomen
1121 679 1380 749 signatur,
1422 678 1564 748 quod
1604 678 1781 732 audita
1827 677 1917 730 sit.

346 770 435 824 54.
464 768 529 822 Et
557 770 783 839 concepit
823 770 1038 835 iterum,
1091 779 1137 823 et
1179 770 1370 839 peperit
1414 769 1617 837 ﬁlium,
1658 776 1704 821 et
1749 766 1918 819 dixit:

347 858 502 913 Nunc
529 861 765 931 temporis
788 861 927 931 apud
947 878 1024 915 me
1064 861 1155 914 erit
1193 861 1268 913 vir
1301 876 1476 925 meus;
1519 859 1689 929 peperi
1716 859 1849 913 enim
1874 857 1921 911 ei

346 962 444 1007 tres
470 953 604 1021 ﬁlios
625 969 645 1008 :
670 963 872 1024 propter
900 957 995 1007 hoc
1014 955 1204 1007 vocavit
1233 969 1412 1007 nomen
1432 953 1570 1007 illius
1594 949 1735 1005 Levi.
1764 950 1922 1006 Vide-

347 1054 433 1097 tur
457 1045 585 1099 mihi
626 1045 715 1100 hic
740 1045 1046 1117 signiﬁcari,
1074 1060 1193 1100 eam
1213 1045 1352 1099 natis
1380 1043 1586 1099 duobus
1627 1042 1751 1097 ﬁliis
1788 1056 1920 1096 non-

345 1139 471 1192 dum
502 1139 733 1208 potuisse
759 1139 975 1193 allicere
1000 1139 1167 1193 virum
1185 1180 1199 1205 ,
1226 1138 1317 1207 qui
1348 1135 1519 1191 adhuc
1552 1137 1605 1193 in
1632 1134 1920 1190 Rachelem

348 1230 659 1299 propensior
677 1238 792 1284 erat
819 1247 834 1283 :
868 1229 987 1284 ideo
1010 1228 1176 1296 dicit,
1211 1227 1364 1281 Nunc
1397 1227 1636 1297 temporis
1668 1226 1807 1295 apud
1841 1240 1921 1278 me

345 1322 438 1373 erit
465 1321 541 1373 vir
570 1336 730 1374 meus.
777 1320 1040 1374 Fortassis
1083 1320 1322 1375 accessio
1364 1318 1505 1372 tertii
1534 1318 1707 1370 virum
1742 1330 1919 1369 meum

346 1411 534 1465 reddet
576 1410 890 1465 benevolum
916 1451 931 1474 ,
986 1420 1041 1465 et
1093 1410 1283 1465 melius
1301 1409 1431 1464 mihi
1472 1407 1736 1463 affectum.
1783 1406 1921 1461 Ecce

345 1501 486 1555 enim
526 1512 633 1556 tres
664 1500 801 1556 ﬁlios
828 1501 875 1557 ei
916 1502 1116 1571 peperi.
1160 1500 1250 1556 '55.
1284 1498 1353 1553 Et
1379 1499 1605 1569 concepit
1643 1498 1811 1551 adhuc
1849 1497 1917 1565 ﬁ-

349 1592 472 1645 lium
487 1633 502 1655 ,
533 1608 593 1645 ac
617 1592 829 1663 peperit,
852 1601 896 1645 et
922 1592 1051 1644 dixit
1077 1607 1096 1645 :
1120 1589 1274 1645 Nunc
1296 1590 1462 1643 adhuc
1491 1589 1627 1643 istud
1651 1587 1921 1656 conﬁtebor

346 1681 564 1737 Domino
590 1697 610 1736 :
643 1693 904 1752 prapterea
947 1684 1136 1735 vocavit
1177 1696 1356 1735 nomen
1392 1681 1503 1750 ejus
1538 1678 1751 1732 ludam.
1783 1676 1921 1744 Quid

344 1785 445 1838 est,
477 1773 625 1829 Istud
651 1774 924 1842 conﬁtebor
947 1773 1162 1827 Domino
1179 1773 1205 1827 ?
1232 1770 1519 1841 Conﬁtebor
1545 1770 1633 1825 hic
1662 1771 1799 1824 idem
1839 1778 1922 1823 est

345 1882 431 1930 ac,
452 1867 659 1923 Gratias
682 1882 856 1936 agam,
880 1876 935 1921 et
956 1866 1265 1936 gloriﬁcabo
1286 1881 1429 1931 eum,
1458 1865 1580 1934 quia
1601 1874 1655 1918 et
1674 1873 1919 1933 quartum

344 1959 473 2013 mihi
499 1958 693 2028 adjecit
721 1958 909 2022 lilium,
933 1968 988 2011 et
1010 1966 1207 2012 tantam
1237 1955 1366 2011 mihi
1392 1953 1769 2010 abundantiam
1793 1968 1923 2008 con-

343 2051 503 2106 cessit
533 2069 547 2106 :
577 2060 632 2105 et
660 2064 779 2120 qua:
807 2049 877 2104 ob
900 2049 1140 2117 corporis
1166 2047 1557 2103 deformitatem
1584 2044 1653 2100 de
1673 2045 1770 2098 viri
1796 2058 1921 2113 erga

344 2159 431 2197 me
468 2140 837 2196 benevolentia
869 2139 1225 2208 periclitatum
1265 2153 1444 2202 eram,
1492 2150 1633 2190 nunc
1670 2150 1921 2205 procrea-

345 2235 490 2288 tione
528 2233 754 2287 filiorum
775 2246 804 2285 a
848 2233 956 2285 Deo
985 2229 1115 2284 mihi
1144 2229 1297 2293 data,
1342 2237 1399 2282 ct
1421 2228 1668 2282 maeroris
1694 2241 1922 2281 excessu

344 2324 587 2379 discusso
609 2363 626 2389 ,
668 2335 787 2385 me,
816 2334 936 2389 quae
969 2319 1041 2373 ob
1065 2319 1457 2374 deformitatem
1496 2316 1620 2371 odio
1667 2316 1919 2382 habebor,

344 2414 647 2469 consolatus
666 2419 767 2473 est,
792 2409 1077 2478 odiumque
1097 2408 1364 2463 transtulit
1383 2409 1437 2461 in
1458 2421 1698 2461 sororem
1725 2421 1921 2461 meam.

349 2504 417 2561 Ut
450 2502 635 2573 peperit
654 2512 822 2554 autem
857 2499 1050 2553 ludant
1074 2540 1089 2563 ,
1143 2499 1351 2568 inquit,
1391 2498 1598 2552 cessavit
1641 2513 1837 2568 parere.
1872 2498 1920 2550 ι.

343 2595 470 2652 Cum
494 2603 662 2647 autem
688 2592 888 2645 vidisset
911 2590 1105 2645 Rachel
1131 2591 1247 2661 quia
1268 2606 1368 2644 non
1395 2590 1666 2660 peperisset
1693 2588 1885 2643 Jacobo
1904 2630 1920 2655 ,

343 2687 580 2743 tumulata
604 2693 675 2740 est
706 2684 852 2738 Liam
885 2698 1108 2738 sororem
1133 2699 1312 2748 suam,
1354 2692 1401 2737 et
1422 2683 1548 2736 dixit
1584 2682 1775 2737 Jacobo
1794 2723 1810 2750 ,
1841 2682 1924 2737 Da

344 2778 468 2832 mihi
497 2776 631 2845 ﬁlios
650 2793 669 2831 :
698 2776 777 2829 sin
804 2776 990 2841 minus,
1024 2775 1214 2828 moriar
1237 2791 1329 2845 ego
1368 2772 1519 2845 (Cap.
1547 2772 1659 2845 '50).
1683 2773 1922 2830 lnconsi-

343 2868 527 2924 derata
551 2876 605 2924 et
630 2867 904 2922 muliebris
930 2875 1012 2921 est
1049 2866 1164 2921 haec
1188 2867 1373 2936 petitio
1401 2866 1697 2937 animmque
1722 2868 1927 2939 zel0ty—

342 2962 429 3031 pia
461 2960 798 3029 impugltatte,
830 2957 913 3012 Da
932 2958 1056 3011 mihi
1080 2958 1235 3021 ﬁlios.
1262 2957 1377 3012 Non
1408 2958 1622 3023 audisti,
1655 2957 1795 3027 quod
1817 2974 1922 3013 non

344 3052 442 3105 viri
486 3050 799 3104 concubitus
839 3048 917 3103 illi
962 3058 1171 3117 partum
1197 3047 1500 3116 praebuerit,
1543 3047 1637 3102 sed
1671 3047 1925 3102 Dominus

258 3212 261 3215 ν
345 3145 525 3200 Deus:
550 3143 638 3212 qui
664 3140 730 3196 Ut
758 3141 914 3205 vidit,
944 3138 1146 3208 inquit,
1173 3139 1307 3210 quod
1334 3138 1450 3192 odio
1482 3139 1764 3201 haberetur,
1804 3154 1925 3207 ape—

345 3237 446 3291 ruit
490 3236 688 3288 vulvam
717 3234 826 3305 ejus
846 3232 873 3286 .9
908 3232 1086 3298 Quare
1131 3244 1162 3283 a
1210 3230 1323 3283 viro
1352 3229 1487 3298 petis
1513 3244 1576 3283 ea
1600 3244 1718 3298 qua:
1765 3243 1926 3297 supra

345 3337 588 3383 naturam
618 3334 763 3390 sunt,
792 3332 847 3378 et
873 3322 1060 3376 relicto
1098 3328 1299 3374 natura:
1348 3319 1573 3373 Domino
1617 3318 1790 3372 virum
1833 3333 1924 3372 ar-

346 3418 465 3488 guis
491 3456 508 3482 ,
535 3416 625 3484 qui
644 3413 711 3468 ad
744 3415 845 3468 hoc
869 3411 1003 3467 nihil
1040 3410 1283 3466 conferre
1308 3409 1400 3463 tibi
1431 3409 1660 3478 poterit?
1689 3407 1771 3461 Da
1802 3409 1926 3462 mihi

347 3513 504 3581 ﬁlios:
535 3511 614 3564 sin
640 3508 828 3573 minus,
850 3504 1039 3558 moriar
1064 3519 1176 3575 ego.
1202 3501 1372 3558 Grave
1397 3501 1595 3555 malum
1617 3510 1701 3555 est
1726 3501 1926 3572 zeloty-

344 3604 454 3674 pia,
484 3610 539 3656 et
566 3599 763 3655 desinit
791 3599 843 3652 in
871 3594 1230 3667 insipientiam
1261 3610 1275 3647 :
1304 3594 1357 3648 id
1389 3592 1532 3663 quod
1566 3604 1620 3647 et
1652 3592 1773 3647 huic
1799 3608 1925 3648 eve-

343 3695 440 3751 nit.
471 3693 667 3748 Videns
686 3693 828 3747 enim
848 3691 1071 3746 chorum
1098 3689 1329 3744 ﬁliorum
1357 3687 1580 3754 sororis,
1610 3696 1664 3742 et
1684 3687 1922 3758 cogitans

342 3802 496 3844 suam
537 3785 880 3840 solitudinem
902 3825 918 3850 ,
968 3797 1073 3838 non
1101 3782 1304 3837 ferebat
1342 3779 1480 3836 hanc
1504 3780 1877 3835 contumeliam
1902 3819 1923 3849 ,

341 3894 517 3948 neque
540 3876 815 3931 continere
843 3882 1053 3945 poterat
1079 3873 1457 3943 cogitationem
1480 3887 1600 3942 qua:
1644 3888 1703 3926 se
1741 3872 1923 3926 turba-

342 3972 464 4036 bat,
494 3970 587 4026 sed
626 3970 712 4024 illa
739 3968 1056 4039 insipientiae
1093 3966 1248 4035 plena
1278 3965 1436 4020 verba
1462 3966 1813 4035 loquebatur:
1840 3964 1926 4019 Da

342 4062 468 4116 mihi
494 4061 627 4129 ﬁlios
657 4076 676 4113 :
701 4060 780 4114 sin
807 4059 992 4123 minus,
1015 4056 1205 4109 moriar
1232 4071 1344 4126 ego.
1376 4055 1640 4111 Fortassis
1666 4055 1797 4109 vidit
1820 4055 1924 4112 viri

341 4168 467 4222 erga
496 4151 642 4205 illam
667 4164 902 4203 amorem
928 4187 944 4213 ,
991 4156 1045 4203 et
1067 4146 1285 4216 putabat
1309 4160 1372 4202 ea
1392 4145 1463 4200 de
1490 4161 1646 4201 causa
1674 4146 1819 4200 illam
1848 4155 1926 4201 tot

345 4244 487 4299 ﬁlios
511 4241 778 4308 habuisse,
809 4249 863 4295 et
890 4253 950 4295 se
988 4238 1225 4294 nondum
1242 4239 1516 4309 peperisse
1547 4256 1562 4291 :
1596 4238 1735 4294 unde
1755 4239 1921 4308 dicit,

344 4333 429 4389 Da
456 4333 580 4386 mihi
606 4332 762 4401 ﬁlios.
809 4329 1011 4386 Deinde
1038 4338 1237 4385 terrere
1280 4328 1466 4384 volens
1488 4328 1682 4395 virum,
1703 4329 1880 4385 subdit
1905 4347 1920 4385 :

343 4424 497 4493 Quod
520 4424 564 4478 si
590 4424 753 4477 minus
776 4464 791 4487 ,
841 4422 1031 4476 moriar
1053 4438 1163 4493 ego.
1209 4420 1345 4489 Quid
1371 4421 1529 4492 igitur
1554 4423 1671 4490 pius
1699 4431 1755 4477 ct
1794 4422 1922 4478 reli-

340 4516 520 4587 giosus
546 4514 751 4570 Jacobi
778 4514 831 4568 2.
866 4513 1164 4568 Succensuit
1181 4554 1197 4578 ,
1223 4513 1413 4583 inquit,
1442 4514 1510 4567 ad
1538 4512 1684 4568 verba
1710 4514 1848 4580 haec,
1875 4523 1923 4570 et

341 4608 470 4662 dixit
498 4607 543 4660 ei
569 4622 589 4661 .'
616 4604 881 4675 Numquid
903 4621 993 4674 pro
1022 4603 1130 4659 Deo
1148 4621 1238 4675 ego
1258 4621 1369 4658 sum
1392 4646 1408 4672 ,
1434 4605 1521 4674 qui
1546 4605 1715 4675 fructu
1739 4606 1923 4660 ventris

342 4707 389 4753 te
408 4698 659 4769 privavit?
679 4697 853 4763 Quare
873 4694 1128 4749 derelicto
1152 4704 1353 4748 natura:
1381 4695 1605 4749 Domino
1626 4697 1921 4765 reprehen-

338 4792 545 4849 sionem
588 4789 718 4844 mihi
762 4787 1005 4843 inducis?
1036 4787 1128 4842 ille
1163 4796 1248 4841 est
1286 4787 1376 4857 qui
1403 4787 1627 4855 privavit
1675 4798 1726 4843 te
1748 4788 1921 4844 fructu

338 4881 561 4938 ventris.
588 4881 764 4949 Quare
793 4894 899 4934 non
935 4878 1003 4932 ab
1029 4878 1121 4933 illo
1143 4878 1279 4947 petis
1299 4919 1314 4943 ,
1361 4878 1453 4947 qui
1498 4888 1673 4948 potest
1710 4879 1920 4948 aperire

337 4982 549 5030 natura:
571 4972 860 5036 ofﬁcinam,
887 4979 940 5024 et
960 4968 1259 5025 foecundam
1290 4967 1466 5023 facere
1486 4968 1734 5024 vulvam?
1765 4970 1922 5026 Disce

336 5067 498 5137 igitur
521 5066 669 5123 illum
697 5079 817 5120 esse
842 5064 931 5133 qui
959 5074 1009 5118 te
1040 5062 1262 5133 privavit
1291 5063 1465 5117 fructu
1489 5065 1691 5119 ventris
1716 5065 1820 5131 tui,
1865 5075 1921 5121 et

334 5160 509 5215 sorori
540 5168 644 5217 tua:
672 5165 871 5216 tantam
899 5156 1294 5212 facunditatem
1323 5158 1586 5228 ιη’ωειίιὶι.
1609 5157 1685 5212 Ne
1711 5158 1867 5229 igitur
1886 5173 1918 5212 a

336 5264 425 5304 me
451 5264 659 5319 quaeras
678 5264 796 5318 quae
822 5247 1061 5317 praebere
1086 5264 1193 5302 non
1222 5263 1457 5316 possum,
1481 5258 1535 5304 et
1558 5263 1783 5319 quorum
1810 5264 1916 5303 non

333 5353 454 5394 sum
481 5338 746 5393 dominus.
777 5338 909 5393 Nam
943 5337 990 5393 si
1017 5337 1118 5393 hoc
1143 5339 1199 5393 in
1227 5354 1314 5393 me
1358 5338 1578 5405 fuisset,
1619 5340 1836 5394 omnino
1865 5348 1919 5397 te

334 5430 505 5485 sorori
537 5431 887 5498 praetulissem
910 5472 924 5497 ,
956 5431 1212 5499 majorem
1251 5446 1376 5502 erga
1412 5440 1465 5487 te
1493 5433 1914 5489 benevolentiam

332 5520 555 5579 habens.
608 5523 677 5575 At
715 5529 927 5591 quando
966 5523 1172 5577 etiamsi
1226 5524 1277 5578 in
1330 5525 1591 5580 inﬁnitum
1630 5528 1816 5597 majori
1865 5538 1916 5585 te

395 5710 471 5778 (α)
492 5718 522 5760 Α
540 5722 658 5762 voce
675 5720 885 5771 namque
901 5708 1044 5768 una
1058 5710 1257 5773 audivit.
1273 5710 1518 5763 derivatur
1534 5711 1682 5787 pm:
1696 5725 1911 5778 syiiteon.

1049 297 1104 353 S.
1146 295 1421 352 JOANNIS
1458 292 1938 350 CllRYSOSTOMl
1977 291 2288 352 ARClllEP.
2320 296 2855 361 CONSTANTINOP.

3506 310 3614 365 492

2022 412 2345 481 complectar
2372 416 2741 474 benevolentia
2763 461 2780 486 ,
2825 419 2958 475 nihil
3004 420 3099 477 tibi
3123 423 3178 478 in
3208 424 3311 481 hoc
3350 422 3623 495 prodesse

2023 512 2213 571 potero
2235 546 2250 569 ,
2291 507 2358 561 ab
2385 508 2474 562 illo
2502 525 2683 579 qurere
2706 552 2721 577 ,
2762 513 2852 581 qui
2878 522 2935 569 et
2961 517 3297 573 sterilitatem
3331 518 3534 574 afferre
3556 531 3613 575 et

2023 594 2234 650 solvere
2255 608 2448 665 potest.
2474 599 2610 657 Vide
2628 602 2754 671 justi
2777 604 3134 674 prudentiam,
3156 610 3424 678 quomodo
3443 612 3611 666 etiam

2023 685 2092 738 ob
2122 686 2268 741 illius
2292 687 2431 743 dicta
2456 705 2794 758 succensens,
2830 709 3144 764 responsum
3176 699 3250 753 illi
3277 700 3369 754 dat
3388 703 3614 770 sapien—

2026 773 2243 831 tissimis
2268 779 2445 834 verbis
2462 797 2487 833 νε
2515 781 2715 838 docens
2742 784 3026 855 diligenter
3052 790 3251 854 omnia,
3279 805 3614 862 causamque

2023 866 2392 935 manifestans,
2422 880 2481 925 ut
2501 886 2606 926 non
2635 874 2822 930 relicto
2844 876 3070 933 Domino
3090 891 3293 949 quzerat
3314 883 3385 937 ab
3406 884 3522 937 alio
3549 899 3615 939 ea

2023 969 2144 1024 qua:
2173 957 2261 1011 ille
2284 959 2431 1014 solus
2467 972 2718 1030 praestare
2746 975 2937 1034 potest.
2983 967 3147 1038 Igitur
3174 980 3231 1026 ut
3253 972 3438 1029 didicit
3462 975 3615 1044 quod

2024 1048 2219 1103 sterilis
2238 1049 2376 1106 facta
2402 1064 2543 1108 esset
2566 1069 2598 1109 a
2629 1056 2739 1111 Deo
2763 1098 2778 1123 ,
2823 1067 2880 1114 et
2919 1060 3105 1118 videns
3140 1078 3380 1121 sororem
3418 1068 3611 1124 liberis

2025 1135 2217 1195 florere
2242 1180 2259 1205 ,
2308 1142 2391 1197 vel
2433 1144 2702 1200 mediocre
2744 1148 2992 1206 solatium
3025 1154 3334 1224 requirens,
3384 1158 3521 1212 dicit
3546 1161 3615 1215 ad

2024 1226 2189 1284 Jacob
2218 1247 2230 1284 :
2262 1229 2521 1297 Quoniam
2551 1250 2692 1291 nunc
2715 1238 2942 1296 docuisti
2984 1257 3070 1298 me
3093 1259 3199 1298 non
3240 1246 3395 1316 culpa
3422 1258 3513 1302 tua
3545 1250 3615 1303 li-

2028 1317 2171 1374 beris
2197 1335 2417 1388 carere,
2448 1325 2636 1380 saltem
2667 1329 2911 1384 ancillam
2936 1348 3106 1387 meam
3128 1336 3327 1405 accipe,
3359 1337 3615 1409 ﬁliosque

2024 1426 2093 1467 ex
2118 1428 2180 1468 ea
2207 1429 2426 1483 procrea
2447 1454 2463 1481 ,
2510 1426 2567 1472 ut
2586 1433 2806 1487 parvum
2851 1422 3063 1493 aliquod
3089 1425 3334 1481 solatium
3364 1429 3616 1488 invenire

2026 1507 2246 1574 possim,
2269 1522 2331 1562 ea
2347 1509 2478 1564 mihi
2498 1511 2772 1568 vindicans
2793 1531 2913 1584 qua:
2931 1516 2999 1570 ab
3020 1517 3107 1571 illa
3133 1532 3432 1577 nascentur.
3456 1525 3516 1578 4.
3544 1524 3614 1579 Et

2025 1596 2165 1651 dedit
2201 1599 2267 1665 ei,
2297 1598 2501 1670 inquit,
2536 1601 2740 1658 Ballam
2763 1606 3003 1661 ancillam
3027 1625 3171 1663 suam
3198 1627 3405 1665 uxorem
3427 1629 3445 1667 :
3468 1617 3528 1670 5.
3567 1628 3613 1669 et

2025 1689 2228 1743 intravit
2255 1691 2325 1744 ad
2352 1708 2496 1759 eam;
2533 1704 2582 1749 et
2607 1699 2867 1767 concepit,
2910 1709 2957 1752 et
2986 1704 3174 1771 peperit
3194 1704 3357 1771 ﬁlium
3376 1706 3610 1774 Iacobo,

2026 1780 2077 1835 6.
2109 1789 2155 1835 et
2175 1782 2305 1837 dixit
2330 1783 2525 1840 Rachel
2548 1786 2846 1844 :Judicavit
2886 1792 3012 1846 mihi
3051 1793 3190 1848 Deus
3211 1838 3227 1862 ,
3269 1808 3317 1850 et
3350 1802 3614 1853 exaudivit

2024 1888 2195 1928 vocem
2217 1892 2401 1942 meam,
2433 1880 2669 1949 deditque
2687 1883 2812 1937 mihi
2837 1885 3023 1952 ﬁlium.
3058 1886 3275 1958 Propter
3302 1893 3395 1945 hoc
3413 1897 3613 1947 vocat-it

2025 1981 2208 2019 nomen
2233 1969 2342 2039 ejus
2363 1968 2482 2023 Dan
2516 1970 2615 2043 (a).
2656 1972 2849 2028 Habuit
2873 1976 3051 2046 aliquo
3070 1979 3229 2035 modo
3250 1983 3485 2049 pariente
3513 1999 3612 2039 an-

2025 2060 2145 2115 cilla
2186 2063 2271 2117 vel
2316 2063 2531 2122 brevem
2576 2071 3042 2127 consolationem:
3086 2076 3207 2131 ideo
3252 2079 3364 2147 ipsa
3407 2095 3608 2136 nomen

2028 2171 2194 2224 puero
2225 2160 2484 2228 imponit,
2510 2164 2813 2234 gratiasque
2853 2167 2962 2235 agit
2996 2169 3216 2223 Domino
3252 2185 3346 2240 pro
3375 2183 3522 2227 nato.
3555 2176 3607 2227 7.

2026 2245 2095 2299 Et
2122 2250 2370 2319 concepit,
2390 2253 2579 2321 inquit,
2602 2254 2780 2308 iterum
2808 2255 2957 2309 Balla
2978 2299 2994 2322 ,
3028 2269 3075 2312 et
3103 2262 3291 2329 peperit
3310 2264 3476 2329 ﬁlium
3500 2282 3519 2329 ;
3548 2266 3605 2319 8.

2026 2350 2087 2392 et‘
2102 2338 2230 2394 dixit
2259 2341 2453 2396 Rachel
2478 2360 2497 2398 :
2525 2345 2730 2415 Adjuvit
2757 2363 2834 2400 me
2868 2347 3006 2403 Deus
3024 2390 3039 2413 ,
3089 2362 3135 2404 et
3170 2366 3465 2407 conuersata
3494 2373 3609 2410 sum

2027 2446 2141 2483 cum
2169 2447 2341 2485 sorore
2364 2450 2492 2499 mea,
2520 2444 2566 2488 et
2592 2436 2803 2491 invalui.
2844 2438 2912 2491 Et
2945 2442 3136 2494 vocavit
3164 2459 3343 2496 nomen
3362 2447 3470 2515 ejus
3502 2446 3611 2500 Neo

2028 2520 2297 2589 phthalim.
2336 2522 2405 2578 Et
2446 2525 2627 2580 didicit
2660 2537 2844 2597 postea
2880 2529 3160 2586 manifeste
3194 2548 3290 2601 per
3321 2536 3608 2606 ancillam,

2025 2611 2281 2667 Jacobum
2322 2630 2428 2669 non
2469 2616 2524 2669 in
2564 2631 2725 2671 causa
2764 2618 2927 2675 fuisse
2956 2636 3120 2690 quare
3157 2623 3336 2678 liberis
3375 2637 3607 2681 careret.

2028 2700 2155 2757 Ideo
2182 2713 2338 2759 natos
2355 2707 2506 2775 quasi
2533 2723 2659 2762 suos
2696 2707 2835 2764 ﬁlios
2860 2709 3140 2777 educavit,
3189 2722 3242 2768 et
3286 2717 3499 2770 nomina
3530 2718 3610 2773 eis

2033 2794 2306 2863 imposuit,
2342 2799 2624 2852 maximam
2656 2799 2779 2855 inde
2804 2802 2902 2856 sibi
2926 2803 3024 2872 ipsi
3049 2806 3461 2862 consolationem
3487 2826 3613 2865 esse

2028 2892 2164 2938 rata.
2189 2884 2245 2938 9.
2272 2884 2339 2939 Ut
2363 2896 2530 2940 autem
2552 2889 2672 2943 vidit
2694 2891 2789 2943 Lia
2810 2894 2945 2959 quod
2963 2905 3199 2949 cessasset
3220 2912 3415 2965 parere,
3436 2902 3613 2969 etipsa

2028 2975 2270 3028 ancillam
2315 2992 2461 3030 suam
2505 2978 2753 3049 Zelpltam
2790 2983 2927 3036 dedit
2951 2982 3141 3039 Iacobo
3170 3002 3372 3041 uxorem
3395 3005 3415 3041 :
3442 2992 3528 3045 l0.
3564 3002 3612 3045 et

2028 3066 2290 3134 concepit,
2318 3077 2368 3121 et
2397 3073 2615 3140 peperit,
2650 3072 2736 3126 11.
2765 3072 2833 3126 Et
2860 3074 2985 3128 dixit
3006 3075 3103 3129 Lia
3129 3093 3148 3130 :
3181 3075 3461 3133 Fortunata
3490 3084 3572 3151 fui
3591 3124 3608 3147 ,

2030 3155 2132 3210 hoc
2157 3167 2275 3221 est,
2343 3158 2459 3214 Voti
2504 3176 2722 3232 compos
2746 3164 2882 3218 facta
2920 3181 3060 3220 sum.
3106 3167 3171 3220 Et
3198 3173 3386 3224 vocavit
3428 3189 3611 3227 nomen

2029 3249 2139 3317 ejus
2183 3248 2315 3304 Gad.
2362 3250 2430 3305 Et
2458 3254 2705 3322 quoniam
2749 3256 2923 3325 reipsa
2964 3259 3142 3313 evenit
3176 3262 3315 3331 quod
3354 3265 3607 3332 optabat,

2028 3339 2232 3393 vocavit
2275 3355 2469 3395 nomen
2505 3342 2619 3411 ejus
2648 3343 2790 3399 rGad.
2825 3346 2912 3399 12.
2964 3346 3031 3399 Et
3063 3352 3289 3418 concepit
3329 3354 3532 3419 adhuc,
3564 3368 3611 3411 et

2031 3433 2222 3500 peperit
2263 3431 2423 3487 alium
2452 3449 2473 3487 .'
2502 3436 2587 3490 i5.
2642 3436 2867 3507 dixitque
2909 3437 3006 3493 Lia
3053 3457 3073 3495 :
3114 3440 3271 3496 Beata
3310 3462 3447 3515 ego,
3490 3452 3611 3517 quia

2028 3520 2223 3575 beatam
2247 3539 2326 3576 me
2345 3524 2510 3578 dicent
2535 3527 2769 3583 mulieres
2795 3545 2814 3583 :
2839 3539 2887 3584 et
2906 3534 3098 3586 vocavit
3124 3550 3303 3589 nomen
3328 3539 3438 3606 ejus
3462 3541 3605 3593 Aser.

2099 3615 2153 3670 5.
2198 3615 2387 3671 Vidisti
2417 3619 2685 3686 quomodo
2710 3629 2764 3674 et
2786 3620 2901 3677 base
2928 3634 3080 3678 natos
3104 3641 3171 3680 ex
3204 3628 3393 3681 ancilla
3423 3638 3481 3683 ut
3510 3632 3611 3684 sibi

2028 3710 2273 3779 proprios
2295 3710 2533 3775 haberet,
2563 3720 2614 3765 et
2641 3712 2850 3767 beatam
2882 3729 2940 3769 se
2966 3730 3084 3769 esse
3110 3717 3271 3781 dicat,
3299 3726 3352 3772 et
3379 3720 3607 3774 beatitu-

2028 3802 2153 3856 dine
2175 3801 2385 3871 dignam
2416 3806 2484 3857 ob
2513 3806 2930 3871 procreationem
2970 3805 3217 3861 ﬁliorum.
3253 3808 3360 3864 Sed
3404 3813 3527 3867 vide
3547 3830 3609 3867 ea

2028 3908 2239 3962 quoque
2257 3908 2375 3962 quae
2400 3906 2518 3962 post
2546 3894 2660 3949 hinc
2688 3906 2835 3965 gesta
2865 3907 3008 3964 sunt,
3034 3909 3087 3951 ut
3115 3899 3291 3955 discas
3338 3904 3611 3971 quomodo

2028 3987 2303 4056 zclotypiaa
2328 3987 2537 4042 affectio
2564 3987 2666 4043 huc
2686 3999 2741 4043 et
2766 3989 2889 4043 illuc
2915 3993 3186 4054 transibat,
3220 4001 3277 4046 et
3304 4010 3444 4047 nunc
3472 3994 3605 4059 hate,

2029 4091 2170 4131 nunc
2210 4078 2296 4131 illa
2333 4078 2754 4147 impngnabatur.
2781 4082 2865 4135 M.
2896 4078 2963 4133 Et
2990 4082 3098 4147 ivit,
3132 4083 3318 4153 inquit,
3351 4084 3531 4138 Ruben
3559 4087 3609 4140 in

2029 4169 2203 4223 diebus
2227 4172 2400 4224 messis
2431 4173 2659 4236 triticete,
2690 4183 2739 4225 et
2765 4173 2949 4227 invenit
2986 4176 3121 4227 mala
3150 4177 3607 4246 mandragorarum

2027 4261 2081 4314 in
2108 4279 2252 4333 agro,
2281 4272 2328 4315 et
2357 4262 2522 4316 attulit
2546 4281 2607 4317 ea
2631 4266 2783 4319 matri
2807 4281 2932 4319 suae.
2965 4266 3202 4335 Dixitque
3226 4268 3419 4321 Rachel
3438 4252 3565 4322 ‘Lic
3589 4286 3608 4323 :

2027 4354 2111 4409 Da
2142 4355 2266 4408 mihi
2291 4355 2354 4409 de
2376 4356 2725 4428 mandragoris
2751 4359 2846 4426 ﬁlii
2872 4359 2966 4411 tui.
2991 4359 3075 4414 15.
3103 4358 3247 4412 Dixit
3272 4371 3446 4413 autem
3474 4362 3569 4413 Lia
3593 4379 3608 4416 :

2030 4450 2151 4504 Non
2176 4451 2297 4503 satis
2320 4449 2406 4502 tibi
2425 4450 2560 4521 quod
2581 4452 2815 4521 accepisti
2845 4453 3007 4505 virum
3028 4453 3236 4505 meum?
3263 4469 3383 4504 num
3404 4464 3451 4506 et
3472 4469 3607 4505 nian-

2027 4545 2270 4613 dragoras
2298 4543 2394 4610 ﬁlii
2422 4546 2520 4598 mei
2546 4544 2798 4614 accipies?
2841 4543 3000 4597 Vides
3038 4543 3305 4611 quomodo
3333 4544 3604 4611 aegritudi-

2028 4650 2149 4688 nem
2195 4635 2356 4687 animi
2387 4636 2561 4689 verbis
2587 4635 2918 4689 manifestam
2971 4633 3127 4688 facit?
3166 4634 3290 4687 Non
3330 4635 3452 4688 satis
3493 4635 3603 4701 tibi,

2027 4727 2215 4796 inquit,
2247 4726 2381 4796 quod
2400 4729 2634 4797 accepisti
2658 4729 2819 4781 virum
2846 4728 3049 4779 meum?
3077 4743 3197 4778 num
3220 4736 3265 4778 et
3295 4728 3602 4803 mandrago-

2026 4835 2111 4872 ras
2144 4819 2237 4887 ﬁlii
2265 4821 2361 4872 mei
2386 4819 2639 4887 accipies?
2672 4818 2813 4872 Dixit
2859 4826 3028 4870 autem
3078 4816 3273 4870 Rachel
3298 4832 3316 4871 :
3342 4816 3464 4871 Non
3489 4818 3562 4870 sic
3581 4832 3602 4871 :

2027 4911 2245 4964 dormiat
2272 4921 2437 4965 tecum
2466 4922 2607 4964 nocte
2635 4910 2729 4962 hac
2758 4927 2848 4979 pro
2877 4909 3228 4979 mandragoris
3266 4910 3360 4978 ﬁlii
3404 4923 3499 4962 tut.
3530 4909 3601 4962 Da

2026 5004 2154 5057 mihi
2170 5004 2238 5057 de
2254 5004 2637 5072 mandragoris,
2661 5013 2711 5058 et
2728 5002 2908 5071 accipe
2931 5001 3088 5056 hodie
3111 5012 3286 5056 tecum
3312 5003 3483 5055 virum
3504 5002 3599 5073 (b).

2028 5095 2158 5150 Vide
2186 5094 2453 5165 quomodo
2478 5094 2757 5148 exhibetur
2769 5093 2977 5148 aﬂ‘ectui
3004 5093 3246 5147 Rachelis
3270 5093 3491 5146 omnino
3509 5096 3601 5147 de-

2023 5186 2186 5240 ditus.
2218 5186 2352 5241 Nam
2380 5188 2425 5242 si
2458 5194 2603 5241 tanto
2622 5186 2787 5242 choro
2816 5187 3041 5241 ﬁliorum
3071 5185 3180 5240 Line
3210 5195 3355 5250 nato,
3384 5188 3481 5240 fuit
3504 5188 3597 5240 ad-

2086 5408 2157 5472 (a)
2192 5410 2428 5460 Hebraice
2572 5410 2713 5461 Radix
2749 5418 2825 5461 est
2848 5407 3208 5492 mjudicarit.
3255 5412 3373 5460 Hinc
3422 5424 3605 5463 nancta

2022 5516 2176 5565 puero
2198 5503 2377 5563 datum,
2398 5512 2452 5553 ut
2474 5505 2524 5552 in
2549 5510 2689 5553 textu
2709 5503 2902 5552 dicitur.

2084 5587 2157 5648 (b)
2191 5589 2486 5637 Existimavit
2508 5597 2651 5636 vetus
2685 5594 2930 5648 Interpres
2961 5587 3065 5636 haec
3089 5588 3239 5636 verba
3260 5600 3324 5637 ex
3348 5596 3485 5637 testu
3524 5586 3594 5638 lai-

2021 5647 2301 5760 bli‘tg‘esse.
2340 5650 2431 5700 sed
2468 5657 2580 5700 sunt
2616 5662 2647 5698 a
3040 5648 3227 5712 adjecta
3268 5649 3596 5713 explicatum:

2021 5726 2076 5763 ca
2125 5725 2132 5731 ·
