3730 6252
307 242 411 300 όθὸ

306 356 598 425 τικτούσης
615 353 711 425 τῆς
734 348 915 417 Λείας,
938 354 1019 406 ἐτι
1039 354 1173 424 πρὸς
1193 355 1292 424 τὴν
1320 355 1521 426 Ῥαχὴλ
1541 352 1608 426 ἦν
1632 355 1887 426 προσκεί-

311 456 472 510 μενος
491 441 554 508 τῇ
575 436 777 508 εὐνοία,
800 439 847 489 εἰ
870 437 945 507 μὴ
968 436 1128 489 τοῦτο
1145 439 1406 505 ἐγεγόνει,
1430 438 1545 500 πῶς
1564 438 1628 491 ἂν
1648 439 1889 505 ἐνεγκεῖν

307 525 344 594 ή
368 523 497 576 Λεία
517 520 751 591 ἠδυνήθη
775 520 866 591 τὴν
891 520 1027 590 μετά
1045 519 1142 589 τῆς
1163 519 1399 589 ἀδελφῆς
1418 520 1727 590 συνοίκησιν
1748 536 1762 585 ;
1801 519 1889 584 Ὠς

307 605 419 676 γὰρ
440 602 689 668 ἐξουσίαν
709 602 926 656 ἀπασαν
949 602 1143 672 ἔχουσα
1164 601 1259 655 τοῦ
1296 602 1512 673 ἀνδρὸς,
1530 602 1674 657 οὓτω
1707 602 1892 674 προϊε-

307 704 400 742 ται
429 688 537 740 τῶν
573 685 961 757 μανδραγορῶν
990 684 1080 741 τὸν
1114 684 1344 756 ἀνδραι,
1375 685 1467 739 καί
1489 700 1649 756 φησι·
1674 688 1892 752 Κοιμη-

310 772 471 840 θήτω
505 769 771 838 σήμερον
799 769 950 837 μετὰ
985 768 1101 823 σοῦ
1137 769 1273 822 ἀντὶ
1307 768 1426 822 τῶν
1441 766 1886 837 μανδραγορῶν.

309 855 425 925 Πλή
436 854 605 925 ρωσόν
628 869 749 924 μου,
774 854 936 922 φησί,
958 853 1057 923 τὴν
1078 852 1371 921 ἐπιθυμίαν
1390 852 1486 922 τὴν
1507 852 1599 904 ἐπὶ
1617 854 1729 915 τοῖς
1752 869 1888 921 μαν-

308 938 620 1009 δραγόραις,
641 939 734 989 καί
768 936 923 1005 δέχου
960 936 1050 989 τὸν
1086 935 1274 1007 ἀνδρα.
1298 936 1791 1005 Παραγενομένου
1823 934 1892 987 δὲ

310 1021 421 1075 τοῦ
444 1020 660 1083 Ἰακὼϐ,
679 1018 1015 1084 ἐξελθοῦσα
1033 1021 1119 1084 εὶς
1138 1018 1518 1085 συνάντησιν
1532 1020 1567 1085 ἡ
1582 1018 1721 1071 Λεία
1738 1013 1887 1071 εἶπε·

310 1104 470 1173 Πρὸς
487 1104 591 1173 ἐμὲ
610 1104 930 1171 εὶσελεύσῃ
951 1101 1249 1170 σήμερον·
1278 1102 1647 1170 μεμίσθωμαι
1680 1100 1790 1171 γάρ
1817 1117 1891 1153 σε

309 1186 577 1257 σήμερον
602 1187 736 1241 ἀντὶ
769 1184 889 1239 τῶν
902 1184 1328 1254 μανδραγορῶν
1348 1184 1453 1238 τοῦ
1473 1184 1605 1238 υἱοῦ
1620 1201 1760 1252 μου.
1781 1183 1891 1236 Kal

308 1270 787 1341 ἐκοιμήθηβφησὶ,
800 1268 949 1337 μετὰ
968 1266 1159 1335 αὐτῆς
1178 1268 1290 1334 τὴν
1307 1268 1495 1321 νύκτα
1508 1266 1766 1333 ἐκείνην.
1781 1265 1890 1319 Kal

308 1351 655 1419 ἐπήκουσεν
690 1354 722 1405 ὸ
762 1350 906 1417 Θεὸς
942 1350 1143 1414 Λείας,
1165 1349 1262 1402 καὶ
1285 1348 1685 1402 συλλαϐοῦσα
1724 1347 1891 1401 ἔτεκε

309 1435 418 1488 τὸν
435 1434 705 1505 πέμπτον
723 1436 873 1487 υἱόν.
889 1433 997 1487 Kal
1016 1428 1144 1486 εἷπε
1162 1434 1305 1486 Λεία
1323 1450 1334 1460 ·
1346 1429 1571 1485 Ἐδωκέ
1583 1446 1683 1498 μοι
1699 1432 1731 1483 ό
1748 1430 1893 1495 Θεὸς

310 1518 419 1571 τὸν
431 1519 652 1587 μισθόν
672 1534 812 1586 μου,
834 1517 964 1572 ἀνθ’
983 1511 1055 1572 οὗ
1085 1515 1278 1568 ἔδωκα
1299 1514 1412 1582 τὴν
1428 1513 1759 1581 παιδίσκην
1771 1530 1892 1581 μου

308 1598 393 1665 τῷ
425 1600 599 1667 ἀνδρί
628 1618 768 1668 μου.
792 1599 899 1652 Kal
937 1597 1193 1652 ἐκάλεσε
1222 1597 1290 1650 τὸ
1323 1597 1509 1666 ὄνομα
1527 1595 1714 1652 αὐτοῦ
1746 1598 1896 1650 Ἰσα-

310 1684 447 1753 χὰρ,
470 1683 505 1736 ὅ
540 1684 669 1736 ἐστι
700 1683 936 1751 μισθός.
956 1680 1310 1746 Ἐπήκουσε,
1333 1681 1517 1751 φησὶν,
1537 1682 1571 1734 ό
1604 1679 1747 1745 Θεὸς
1786 1677 1896 1746 τῆς

310 1768 511 1835 Λείας.
539 1766 753 1836 Ἐπειδὴ
776 1764 923 1837 ἐώρα
942 1764 1250 1819 κατώδυνον
1270 1765 1436 1837 αὐτὴν
1454 1759 1620 1818 οὖσαν
1640 1765 1734 1818 καὶ
1753 1780 1895 1833 παρ-

310 1851 789 1923 ευδοκιμουμένην,
811 1850 1115 1920 ἐπήκουσεν
1150 1848 1318 1919 αὐτῆς
1356 1849 1385 1901 6
1421 1848 1573 1912 Θεὸς,
1605 1847 1701 1901 καὶ
1739 1848 1892 1901 ἔτεκε

310 1935 405 1988 καὶ
426 1928 595 1988 εἶπεν·
616 1934 988 2003 Ἐκομισάμην
1012 1932 1200 2003 μισθὸν
1220 1932 1360 2001 ὑπὲρ
1374 1924 1449 1985 ὧν
1469 1931 1645 1984 ἔδωκα
1658 1930 1756 2003 τὴν
1776 1948 1894 1984 παι-

310 2017 503 2086 δίσκην
542 2033 663 2087 μου.
686 2017 783 2069 Διά
825 2014 978 2069 τοῦτο
1016 2015 1273 2070 ἐκάλεσεν
1308 2014 1472 2067 αὑτὸν
1502 2014 1740 2085 Ἰσαχάρ.
1782 2013 1892 2068 Kal

310 2099 651 2154 συνέλαϐεν
684 2100 802 2163 ἔτι,
841 2100 939 2153 καὶ
976 2099 1182 2153 ἔτεκεν
1216 2098 1351 2153 υίὸν
1384 2097 1579 2152 ἕκτον.
1618 2097 1728 2152 Καὶ
1762 2094 1891 2152 εἷπε

311 2183 457 2237 Λεία
473 2198 486 2213 ·
526 2181 856 2250 Δεδώρηταί
884 2199 987 2251 μοι
1025 2184 1059 2236 ὁ
1089 2184 1233 2248 Θεὸς
1253 2180 1445 2249 δῶρον
1463 2181 1671 2234 καλόν.
1690 2180 1794 2235 Ἐν
1813 2181 1893 2247 τῷ

312 2263 431 2317 νῦν
448 2262 629 2331 καιρῷ
646 2263 886 2331 αἱρετιεῐ
894 2280 971 2332 με
990 2267 1023 2318 ὸ
1042 2264 1196 2331 ἀνήρ
1210 2280 1357 2333 μου·
1376 2263 1587 2316 τέτοκα
1603 2264 1713 2332 γὰρ
1732 2262 1893 2329 αὐτῷ

312 2348 484 2413 υιοὺς
515 2346 603 2412 ἐξ.
626 2347 734 2400 Kal
767 2346 1024 2400 ἐκάλεσε
1052 2347 1118 2399 τὸ
1138 2347 1326 2415 ὄνομα
1345 2344 1531 2399 αὐτοῦ
1550 2344 1888 2399 Ζαϐουλὼν.

312 2429 538 2494 Λοιπὸν,
578 2429 762 2499 φησὶν,
802 2429 1100 2499 ἐπέραστος
1136 2428 1329 2498 ἔσομαι
1367 2427 1523 2496 κάγὼ
1559 2428 1712 2498 ἀνδρί
1752 2444 1888 2498 μου·

313 2513 501 2567 ετεκον
518 2512 626 2583 γάρ
648 2512 705 2579 ἐξ
726 2512 891 2575 υἱούς.
915 2511 1013 2564 Διά
1030 2511 1188 2566 τοῦτο
1207 2510 1430 2564 ἐκάλεσε
1448 2511 1508 2564 τὸ
1526 2511 1693 2582 ὄνομα
1725 2509 1891 2566 αὑτοῦ

314 2596 839 2652 Ζαϐουλὼν.”Ετεκε
864 2595 933 2649 δὲ
961 2595 1059 2648 καὶ
1094 2593 1405 2664 θυγατέρα,
1428 2595 1525 2648 καὶ
1545 2594 1803 2648 ἐκάλεσε
1824 2595 1892 2647 τὸ

315 2679 504 2746 ὄνομα
523 2678 711 2747 αὐτῆς
729 2679 920 2733 Δεῖνα.
938 2677 1240 2747 Ἐμνήσθη
1260 2677 1327 2729 δὲ
1354 2680 1387 2730 ὸ
1422 2676 1583 2742 Θεὸς,
1608 2678 1761 2747 φησὶ,
1783 2677 1893 2747 τῆς

327 2762 575 2833 Ῥαχὴλ,
597 2762 695 2815 καί
728 2760 1074 2827 ἐπήκουσεν
1092 2759 1298 2828 αὐτῆς,
1322 2760 1419 2813 καὶ
1441 2760 1683 2827 ἤνοιξεν
1702 2761 1894 2829 αὐτῆς

314 2846 430 2914 τὴν
465 2846 716 2915 μήτραν.
750 2844 858 2898 Kal
893 2842 1210 2905 συνέλαϐε,
1246 2843 1343 2896 καὶ
1379 2842 1545 2897 ἔτεκε
1580 2843 1657 2910 τῷ
1688 2846 1897 2899 Ἰακὼϐ

314 2933 467 2986 υἱόν.
491 2931 638 2984 Ehe
656 2926 723 2981 δὲ
754 2927 977 2995 Ῥαχήλ
998 2945 1012 2959 ·
1048 2926 1273 2996 Ἁφεῖλέ
1302 2945 1420 2996 μου
1441 2930 1473 2981 ὁ
1495 2927 1638 2993 Θεὸς
1656 2928 1722 2982 τὸ
1744 2928 1893 2982 ὄνει-

314 3011 439 3077 δος.
464 3009 569 3062 Kal
593 3008 851 3063 ἐκάλεσε
888 3012 956 3065 τὸ
990 3011 1175 3079 ὄνομα
1206 3010 1390 3063 αὑτοῦ
1425 3011 1655 3079 Ἰωσὴφ,
1677 3010 1892 3081 λέγου-

316 3106 399 3145 σα
412 3108 425 3120 ⁶
446 3090 773 3159 Προσέθετό
788 3108 889 3160 μοι
908 3095 940 3146 ὁ
962 3092 1106 3158 Θεὸς
1123 3091 1259 3145 υἱὸν
1275 3092 1496 3160 ἕτερον.
1516 3092 1739 3162 Ἀρεῖλέ
1747 3112 1891 3162 μου,

316 3174 501 3245 φησὶν,
522 3177 553 3227 ό
584 3175 726 3238 Θεὸς
745 3173 810 3227 τὸ
833 3174 1063 3240 ὄνειδος
1078 3191 1091 3205 ·
1119 3175 1274 3228 ἔλυσε
1294 3176 1391 3245 τὴν
1412 3176 1715 3246 στείρωσιν,

316 3258 652 3328 κατηλλάγη,
676 3258 768 3309 καὶ
786 3259 1025 3330 διήγειρέ
1046 3276 1147 3330 μου
1168 3262 1302 3330 πρὸς
1326 3260 1662 3313 παιδοποιίαν
1677 3262 1773 3331 τὴν
1796 3263 1893 3333 μή·

317 3358 471 3411 τραν,
490 3341 585 3394 καὶ
604 3338 941 3410 ήλευθέρωσέ
965 3357 1031 3410 με
1051 3340 1144 3394 τοῦ
1164 3341 1487 3413 ὀνειδισμοῦ.
1509 3342 1617 3396 Kal
1638 3343 1892 3397 ἐκάλεσε

317 3426 385 3479 τὸ
414 3425 601 3494 ὄνομα
636 3422 819 3477 αὐτοῦ
856 3424 1097 3492 Ἰωσήφ,
1120 3424 1417 3494 λέγουσα·
1442 3426 1776 3493 Προσέθετό
1790 3444 1892 3496 μοι

318 3509 353 3559 ό
394 3509 537 3571 Θεὸς
575 3507 711 3560 υἱὸν
747 3505 969 3574 ἕτερον.
988 3505 1149 3577 Ὁρᾷς
1182 3508 1299 3571 πῶς
1317 3507 1486 3561 αἰτοῦ
1507 3508 1642 3561 Θεοῦ
1664 3509 1893 3581 ὑποσχέ-

320 3620 432 3666 σεις
465 3602 603 3657 κατά
640 3603 834 3673 μικρὸν
854 3603 931 3665 εἰς
952 3601 1109 3673 ἔργον
1129 3602 1355 3673 ἐξῄεσαν
1375 3622 1389 3672 ;
1422 3605 1552 3658 Ἰδοὺ
1574 3604 1679 3677 γάρ
1700 3605 1893 3676 ἀθρόον

319 3697 499 3753 πόσων
536 3698 740 3752 παίδων
776 3698 935 3769 χορὸν
971 3699 1000 3751 6
1035 3698 1239 3762 δίκαιος
1278 3699 1400 3771 ἔσχε
1421 3701 1507 3755 διὰ
1526 3703 1625 3772 τὴν
1643 3702 1735 3755 τοῦ
1757 3701 1891 3755 Θεοῦ

320 3783 447 3851 περὶ
483 3781 645 3835 αὐτὸν
681 3781 956 3853 πρόνοιαν.
976 3782 1193 3854 Ἐπειδὴ
1213 3784 1320 3855 γάρ
1341 3785 1537 3855 πολλὴν
1556 3785 1653 3856 τὴν
1684 3786 1893 3856 ὑπομο-

317 3875 415 3947 νὴν
454 3873 765 3940 ἐπεδείξατο
798 3874 858 3927 ἐν
894 3874 1318 3945 δεκατέσσαρσιν
1356 3875 1501 3929 ἔτεσι
1536 3877 1633 3949 τὴν
1653 3877 1892 3930 δουλείαν

317 3964 714 4035 ἀσπαζόμενος,
734 3964 823 4019 διά
840 3965 998 4018 τοῦτο
1016 3966 1111 4018 καὶ
1130 3966 1157 4017 6
1176 3965 1282 4018 τῶν
1303 3965 1437 4019 ὅλων
1457 3968 1588 4031 Θεὸς
1606 3968 1895 4038 ἀμειϐόμε-

320 4072 409 4121 νος
426 4057 520 4109 τοῦ
539 4056 745 4109 δικαίου
780 4055 840 4109 τὸ
875 4055 1141 4124 φιλόθεον,
1163 4057 1242 4118 εἰς
1270 4055 1523 4110 τοσοῦτον
1544 4058 1705 4111 αὑτὸν
1724 4058 1893 4129 αὐξη-

320 4138 479 4208 θῆναι
518 4138 944 4210 παρεσκεύασεν,
968 4138 1043 4201 ὼς
1079 4139 1366 4205 ἐπίφθονον
1401 4140 1651 4208 γενέσθαι
1686 4140 1890 4205 λοιπὸν,

320 4225 397 4290 ὡς
413 4228 478 4279 ἐκ
495 4226 602 4279 τῶν
623 4226 751 4297 ἐξῆς
773 4224 1149 4297 μαθησόμεθα,
1162 4221 1242 4289 οἷς
1254 4226 1552 4298 ἐϐουλόμην
1565 4230 1891 4295 ἐπεξελθεῖν.

394 4317 472 4383 ς’.
490 4316 626 4371 Ἀλλ’
650 4317 737 4370 ἵνα
769 4315 843 4387 μὴ
869 4318 949 4379 εἰς
972 4316 1105 4369 πολὺ
1139 4317 1309 4387 μῆκος
1338 4318 1428 4370 τὸν
1454 4319 1611 4386 λόγον
1634 4320 1894 4377 ἐκτείνονο

322 4416 412 4465 τες
433 4398 783 4470 παρενοχλεῖν
808 4398 1048 4470 δόξωμεν
1070 4402 1134 4470 τῇ
1158 4399 1399 4472 ὑμετέρᾳ
1418 4401 1626 4472 ἀγάπῃ,
1649 4406 1696 4456 εἰ
1723 4403 1888 4471 δοκεῖ,

322 4482 391 4537 τά
428 4484 721 4553 λειπόμενα
745 4484 823 4546 εἰς
849 4482 945 4553 τήν
986 4482 1111 4552 ἑξῆς
1140 4484 1589 4553 ταμιευσάμενοι,
1615 4486 1707 4539 τὸν
1736 4487 1894 4557 λόγον

323 4565 556 4621 ἐνταῦθα
595 4564 1050 4635 καταπαύσωμεν,
1082 4567 1257 4618 ἐκεῖνο
1289 4567 1715 4637 παραινέσαντες
1742 4571 1895 4641 ὑμῶν

322 4652 389 4721 τῇ
423 4648 643 4721 ἀγάπῃ,
690 4647 996 4719 μεμνῆσθαι
1036 4647 1144 4702 τῶν
1178 4649 1505 4719 εἰρημένων,
1540 4649 1736 4722 ζηλοῦν
1786 4655 1895 4709 τῶν

326 4731 570 4786 παλαιῶν
606 4730 704 4802 τὴν
730 4731 950 4803 ἀρετὴν,
978 4729 1119 4784 οὕτω
1150 4732 1490 4797 τοὺς-παῖδας
1520 4735 1726 4790 ἐαυτῶν
1752 4737 1896 4791 ἐκδι-

322 4815 490 4878 δόναι,
512 4813 656 4867 οῦτω
672 4814 769 4878 τάς
793 4813 1095 4884 θυγατέρας
1111 4816 1226 4876 τοῖς
1250 4815 1501 4884 νυμφίοις
1522 4818 1893 4888 παραδιδόναι,

321 4897 466 4952 οὕτω
489 4896 576 4951 διά
603 4896 700 4969 τῆς
723 4896 928 4960 οίκείας
953 4896 1151 4966 ἀρετῆς
1188 4896 1287 4967 τὴν
1322 4899 1468 4967 παρά
1500 4900 1592 4953 τοῦ
1632 4902 1766 4956 Θεοῦ
1807 4904 1898 4958 εὖ..

324 4999 471 5036 νοιαν
494 4981 918 5036 ἐπισπάσασθαι.
949 4981 1119 5059 ’ῌΟταν
1147 4981 1254 5050 γάρ
1280 4984 1485 5046 ἐκεῖνος
1508 4986 1639 5054 ήμῖν
1664 4987 1895 5059 εὐμενὴς

323 5060 380 5139 ᾗ,
405 5064 505 5118 κᾶν
532 5062 618 5117 ἐπ’
640 5063 925 5134 ἀλλοτρίας
956 5057 1127 5133 ὦμεν,
1157 5064 1257 5116 κᾶν
1293 5064 1506 5118 πάντων
1541 5067 1754 5138 ἔρημοι,
1795 5057 1896 5124 κάν

330 5148 518 5219 μηδενὶ
572 5147 859 5219 γνώριμοι,
895 5147 1113 5200 πάντων
1146 5146 1378 5216 ἐσόμεθα
1422 5154 1893 5225 περιφανέστεροι.

326 5232 492 5286 οὐδὲν
529 5231 638 5301 γὰρ
670 5232 1126 5302 μακαριστότερον
1174 5230 1363 5300 ἀνδρὸς
1412 5234 1516 5285 ὑπὸ
1556 5236 1652 5306 τῆς
1692 5240 1896 5295 ἄνωθεν

327 5309 507 5390 χειρὸς
538 5310 916 5390 βᾱηθουμένου.
945 5310 1313 5390 Ἐκείνηςᾼγὰρ
1342 5310 1626 5367 ἀπολαύων
1648 5317 1745 5387 τῆς
1768 5335 1901 5390 συμ-

330 5387 531 5456 μαχίας
563 5391 659 5439 καὶ
691 5388 717 5438 ὁ
767 5390 1031 5458 μακάριος
1070 5388 1261 5441 Ἰακὼϐ
1308 5391 1399 5442 ἐπὶ
1443 5392 1710 5464 τοσαύτην
1756 5387 1898 5453 κατά

332 5466 524 5535 μικρὸν
581 5465 787 5537 ηὐξήθη
858 5469 1229 5537 περιφάνειαν,
1278 5467 1353 5531 ὡς
1405 5472 1497 5521 καὶ
1550 5474 1730 5540 αὐτοῖς
1789 5481 1899 5543 τοῖς

331 5548 749 5618 ὑποδεξαμένοις
779 5550 1062 5618 ἐπίφθονος
1090 5550 1359 5617 γενέσθαι.
1390 5553 1558 5608 Τοῦτο
1594 5560 1772 5613 τοίνυν
1806 5564 1898 5618 καὶ

392 5703 420 5733 ⁸
445 5702 643 5766 Edjtum
665 5708 771 5751 erat
796 5704 913 5764 μετὰ
943 5704 1023 5751 τὸν
1069 5704 1227 5766 ἄνδρα.
1261 5703 1663 5761 Ριιειιροεὶιίυηειη
1704 5713 1894 5766 delevi-

327 5776 454 5829 mus,
480 5764 672 5825 δίοποι,
698 5766 868 5825 Savil.,
892 5772 946 5814 ει
968 5767 1097 5813 serie
1120 5764 1492 5825 pbslulauubus.
1520 5770 1652 5820 Εωτ.

992 240 1048 297 S.
1091 240 1373 297 JOANNIS
1413 236 1907 296 CIIRYSOSTOMI
1950 236 2264 294 ARCHIEP.
2304 234 2852 296 CONSTANTINOP.

3480 238 3578 295 ιθι

1987 353 2148 421 ἡμεῖς
2178 353 2586 424 σπουδάζωμεν,
2612 354 2750 406 ὥστε
2782 354 2879 421 τῆς
2907 350 3116 404 ἐκεῖθεν
3142 347 3446 416 ἀξιοῦσθαι
3469 350 3577 421 βοη-

1990 434 2159 499 θείας,
2188 437 2279 491 καὶ
2312 437 2387 507 μή
2436 437 2573 509 πρὸς
2605 438 2704 499 τάς
2751 436 3099 507 ἀνθρωπίνας
3131 434 3579 503 καταφεύγωμεν

1987 517 2327 583 δυναστείας,
2362 521 2495 591 μηδὲ
2522 520 2622 590 τὴν
2653 519 2859 573 τούτων
2884 519 3222 589 προστασίαν
3252 517 3577 586 διώκωμεν·

1988 602 2139 655 οὐδὲν
2167 603 2275 674 γάρ
2303 604 2506 672 ταύτης
2532 601 3022 671 ἐπισφαλέστερον·
3051 602 3146 653 καὶ
3166 600 3389 666 τοῦτο-ἡ
3424 602 3584 669 πεῖρα

1990 684 2099 738 τῶν
2121 685 2461 757 πραγμάτων
2484 686 2632 756 ήμᾶς
2656 686 2813 755 ἱκανὴ
2838 684 3063 750 διδάξαι.
3088 685 3200 737 Καὶ
3220 683 3338 752 γὰρ
3365 681 3584 751 ὁρῶμεν

1993 767 2113 821 καθ’
2138 769 2375 839 ἐκάστην
2402 769 2615 839 ἡμέραν
2638 765 2972 837 ὀξυρρόπους
2999 766 3097 829 τὰς
3127 764 3473 837 μεταϐολάς,
3499 764 3586 816 καὶ

1993 850 2166 937 είςῗτὸ
2186 852 2445 937 ξναντίον
2482 852 2699 937 ἅπαντα
2733 851 3221 937 περιτρεπόμενα,
3270 850 3375 902 καὶ
3404 847 3590 937 τὸνέν

1990 936 2055 1005 τῇ
2077 930 2336 989 ἀνωτάτω
2356 936 2627 1006 εὐημερίᾳ
2650 935 2757 1007 πρὸ
2785 933 2981 1004 μικροῦ
3000 932 3371 1002 τυγχάνοντα,
3391 930 3587 999 ἀθρόον

1990 1020 2068 1082 είς
2097 1019 2330 1089 ἐσχάτην
2368 1018 2706 1088 δυσπραγίαν
2735 1018 3195 1087 καταφερόμενον,
3227 1016 3333 1068 καὶ
3377 1014 3455 1066 τὰ
3483 1014 3587 1064 τῶν

1992 1100 2299 1155 καταδίκων
2332 1101 2593 1164 πολλάκις
2636 1101 2994 1170 ὑπομένοντα.
3035 1099 3203 1162 Ποίας
3253 1093 3355 1150 οῦν
3407 1097 3477 1148 ἂν
3508 1098 3588 1162 εἴη

1992 1184 2295 1255 παρανοίας
2324 1184 2528 1237 τούτων
2571 1184 2927 1254 μεταδιώκειν
2960 1182 3056 1252 τὴν
3090 1180 3449 1253 προστασίαν
3484 1178 3589 1229 τῶν

1993 1268 2050 1319 ἐν
2094 1266 2330 1338 τοσαύτῃ
2380 1267 2574 1338 ἀδηλία
2612 1266 3005 1336 τυγχανόντων,
3049 1264 3145 1317 καὶ
3177 1263 3306 1315 οὐδὲ
3342 1260 3417 1313 τά
3469 1260 3586 1313 καθ’

1992 1350 2216 1412 ἑαυτοὺς
2246 1349 2442 1402 ίκανῶν
2467 1350 2634 1401 ὅντων
2664 1348 2803 1419 μετά
2829 1346 3125 1416 ἀσφαλείας
3156 1346 3442 1399 διαθεῖναι
3463 1359 3479 1405 ;
3503 1342 3587 1393 Διὸ

1995 1434 2173 1505 πάσης
2208 1434 2308 1505 μέν
2342 1433 2687 1504 ἀνθρωπίνης
2715 1431 3047 1502 προστασίας
3073 1429 3307 1491 ἑαυτοὺς
3345 1428 3589 1491 ἀποστήο

1995 1536 2199 1589 σωμεν,
2225 1519 2560 1589 μεμνημένοι
2580 1518 2673 1571 καὶ
2693 1517 2787 1569 τοῦ
2815 1516 3087 1586 προφήτου
3117 1512 3383 1580 λέγοντος
3404 1526 3418 1537 ·
3448 1510 3589 1559 Ἐπιο
3678 1572 3679 1577 η

1993 1602 2321 1670 κατάρατος
2348 1602 2679 1669 ἅνθρωπος,
2711 1601 2777 1666 ὃς
2806 1600 2919 1667 τὴν
2945 1597 3165 1651 ἐλπίδα
3195 1595 3333 1663 ἔχει
3366 1594 3467 1645 ἐπ’
3491 1593 3590 1643 ἇν-

1993 1690 2249 1755 θρωπον.
2279 1686 2442 1756 Ὀρᾷς
2462 1687 2542 1738 ὅτι
2570 1685 2599 1737 6
2620 1684 2859 1747 τοιοῦτος
2886 1683 2945 1735 οὐ
2978 1682 3138 1751 μόνον
3164 1679 3427 1747 ἀνόητος,
3458 1674 3591 1726 am

1993 1772 2090 1824 καί⁵
2119 1768 2537 1839 ἐπικατάρατος,
2565 1768 2660 1821 ἅτε
2691 1768 2755 1839 δὴ
2785 1765 3096 1820 καταλιπὼν
3124 1765 3217 1816 τὸν
3250 1761 3370 1813 τῶν
3417 1759 3590 1811 ἀπάν-

1993 1871 2101 1908 των
2133 1854 2425 1922 Δεσπότην,
2467 1852 2560 1905 καὶ
2604 1852 2740 1925 πρὸς
2782 1850 2872 1903 τὸν
2901 1847 3188 1919 ὁμόδουλον
3224 1844 3476 1913 τρέχων,
3502 1842 3591 1925 τὸν

1994 1937 2115 1992 οὐδὲ
2144 1935 2321 2007 ἐαυτῴ
2344 1935 2576 2007 ἀρκέσαι
2601 1934 2929 2003 δυνάμενον;
2954 1929 3254 1999 Φεύγωμεν
3279 1927 3470 1978 τοίνυν
3495 1924 3591 1992 τὴν

1995 2021 2238 2091 κατάραν
2268 2020 2493 2091 ταύτην,
2534 2015 2855 2090 παρακαλῶ,
2898 2014 2994 2068 καὶ
3031 2014 3133 2083 τὴν
3167 2008 3370 2065 ἐλπίδα
3408 2008 3587 2060 πᾶσαν

1994 2107 2089 2161 ἐπὶ
2117 2090 2210 2159 τὸν
2247 2104 2379 2159 Θεὸν
2429 2090 2880 2174 ίμεταστήσωμεν.
2919 2096 3066 2168 Αῦτη
3102 2096 3213 2166 γὰρ
3256 2092 3465 2163 βεϐαία
3496 2090 3588 2141 καὶ

1994 2191 2249 2261 ἀκίνητος
2274 2190 2367 2243 καὶ
2399 2186 2697 2259 μεταϐολὴν
2720 2186 2820 2239 οὐκ
2847 2181 3228 2251 ἐπιδεχομένη,
3262 2175 3585 2261 καθάπερ-ἠ

1996 2277 2088 2330 ἐπὶ
2120 2258 2228 2329 τῶν
2255 2258 2574 2342 ἀνθρώπιον.
2602 2271 2671 2323 Ἢ
2703 2270 2810 2339 γὰρ
2838 2267 3065 2329 θάνατος
3092 2261 3333 2317 ἐνταῦθα
3367 2258 3589 2325 eum»:

1995 2359 2094 2430 τὴν
2132 2341 2487 2428 προστασίαν,
2527 2353 2621 2407 καὶ
2652 2352 2891 2421 γυμνοὺς
2920 2350 3015 2402 καὶ
3048 2347 3295 2416 ἐρήμους
3328 2341 3590 2430 γενέσθαι

1997 2425 2372 2513 παρεσκεύασε
2399 2440 2525 2502 τοὺς
2551 2438 2644 2490 ἐπὶ
2673 2436 2861 2489 τοῦτον
2896 2430 3349 2501 καταφεύγοντας
3371 2444 3387 2456 ·
3418 2426 3454 2494 ἢ
3500 2425 3589 2477 καὶ

1996 2510 2105 2596 πρὸ
2138 2524 2232 2578 τοῦ
2276 2523 2506 2577 θανάτου
2560 2519 2832 2592 μεταϐολὴ
2862 2514 3201 2589 πραγμάτων
3245 2510 3588 2596 ἐπελθοῦσα.

1997 2591 2212 2662 ἅπαντα
2260 2606 2440 2675 ἄκυρα
2477 2591 2677 2673 ἀμφοῖν
2727 2601 3015 2670 πεποίηκε.
3061 2596 3173 2651 Καὶ
3218 2594 3442 2648 τούτων
3486 2591 3594 2643 τῶν

1998 2688 2454 2763 παραδειγμάτων
2484 2689 2589 2748 πᾶς
2620 2685 2779 2754 γέμει
2807 2686 2836 2737 ὁ
2873 2683 3005 2753 βίος.
3042 2680 3133 2733 Διὸ
3173 2678 3300 2732 οὺδέ

2000 2759 2106 2845 μης
2144 2773 2279 2826 εἰσὶν
2316 2771 2472 2836 ἄξιοι,
2527 2770 2577 2822 οί
2628 2768 2766 2839 μετὰ
2803 2766 2899 2837 τὴν
2946 2763 3217 2831 τοσαύτην
3262 2763 3491 2845 ’νεῖρανΔ

1997 2841 2307 2928 ἀνθρωπίνῃ
2328 2854 2473 2926 [548]
2492 2852 2794 2924 προστασίᾳ
2811 2848 3261 2920 προστετηκότες,
3277 2845 3379 2928 καῖ

1998 2923 2111 3005 κις-
2135 2942 2226 2993 ὑπ’
2253 2923 2430 2992 αὐτῶν
2458 2923 2757 2989 δοκούντων
2796 2929 2932 2985 εἶναι
2974 2928 3298 3002 προστατῶν
3320 2927 3399 2979 τὰ
3425 2923 3598 2994 μυρία

1994 3025 2141 3078 δεινά
2163 3023 2544 3093 ὑπομένοντες.
2569 3017 2815 3087 Τοσαύτη
2845 3018 2954 3087 γὰρ
2983 3016 3084 3085 τῆς
3114 3011 3317 3074 κακίας
3354 3012 3393 3080 ἡ
3427 3011 3598 3093 ὑπερ-

1997 3106 2148 3175 ϐολὴ,
2175 3105 2250 3169 ὡς
2275 3091 2374 3158 καὶ
2401 3104 2525 3164 τοὺς
2548 3100 2946 3172 θεραπεύοντας
2978 3100 3092 3159 τοῖς
3121 3094 3400 3153 ἐναντίοις
3432 3091 3595 3159 ἀμεί-

1997 3189 2205 3242 ϐεσθαι.
2246 3188 2367 3240 Ἐπί
2391 3186 2447 3239 δέ
2472 3185 2564 3238 τοῦ
2588 3183 2692 3237 τῶν
2719 3184 2854 3235 ὅλων
2882 3180 3017 3233 Θεοῦ
3054 3179 3199 3232 ἆπαν
3223 3175 3559 3229 τούναντίον
3578 3190 3589 3199 ·

1995 3275 2089 3327 καὶ
2120 3271 2567 3342 ἀγνωμονοῦντας
2600 3270 2746 3340 ἡμᾶς
2780 3268 3035 3321 ἑκάστοτε
3081 3264 3373 3335 εὐεργετεῖ
3397 3261 3449 3324 ι,
3498 3260 3596 3311 καὶ

1994 3356 2092 3427 τὴν
2122 3356 2326 3408 οἰκείαν
2368 3354 2628 3423 ἀπονέμει
2660 3351 3013 3419 προστασίαν,
3044 3348 3105 3400 οὐ
3140 3347 3278 3417 πρὸς
3311 3344 3417 3415 τὴν
3450 3345 3596 3413 ἡμε-

1993 3440 2159 3509 τέραν
2186 3437 2327 3509 ὁρῶν
2356 3436 2767 3506 ἀγνωμοσύνην,
2798 3433 2933 3487 άλλά
2958 3432 3053 3502 τὴν
3080 3429 3289 3483 οἰκείαν
3317 3432 3381 3480 ἐν
3412 3427 3595 3479 ἅπασι

1997 3522 2404 3593 φιλανθρωπίαν
2438 3520 2797 3591 μιμούμενος·
2830 3515 2897 3590 ἦς
2930 3517 3137 3585 γένοιτο
3175 3514 3393 3574 πάντας
3437 3512 3595 3579 ἡμᾶς

1996 3605 2322 3667 ἀπολαῦσαι,
2344 3606 2523 3675 χάριτι
2552 3605 2646 3657 καὶ
2670 3601 3050 3672 φιλανθρωπία
3071 3598 3165 3652 τοῦ
3187 3596 3404 3667 Κυρίου
3427 3595 3595 3664 ήμῶδ

2008 3690 2183 3761 Ἰησοῦ
2234 3687 2491 3760 Χριστοῦ,
2545 3687 2662 3759 μεθ’
2699 3682 2759 3741 οὗ
2792 3686 2869 3755 τῷ
2907 3685 3109 3755 Πατρὶ,
3151 3683 3269 3754 ἅμα
3313 3680 3400 3749 τῷ
3444 3679 3598 3748 ἁγίῳ

1996 3775 2292 3845 Πνεύματι,
2321 3773 2464 3838 δόξα,
2497 3773 2715 3842 κράτος,
2752 3773 2905 3842 τιμὴ,
2946 3771 3043 3824 νῦν
3086 3770 3180 3823 καὶ
3222 3768 3333 3828 ἀεὶ,
3380 3766 3480 3818 καὶ
3514 3766 3596 3826 εἰς

1994 3862 2119 3921 τοῦς
2149 3857 2348 3920 αἰῶνας
2376 3856 2484 3909 τῶν
2513 3855 2742 3911 αἰώνων.
2776 3855 2971 3925 ’Δμήν.

2586 3980 2827 4034 ΟΜΙΛΙΑ
2862 3979 2985 4032 NZ'.

2008 4064 2271 4133 Ἐγένετο
2308 4062 2523 4133 δὲηώς
2550 4062 2720 4133 ξτεκε
2761 4061 2982 4128 Ῥαχὴλ
3015 4060 3120 4133 τὸν
3146 4056 3385 4133 Ἰωσὴφ,

2067 4126 2099 4187 ὃ
2128 4133 2319 4187 Ἰακὼό
2351 4126 2662 4194 τῷΛάϐαν·
2687 4126 3063 4185 Ἀπόστειλον
3085 4146 3181 4198 με.
3206 4128 3308 4181 ἵνα
3333 4126 3596 4181 ἀπέλθω

2064 4207 2152 4268 εἰς
2181 4204 2285 4256 τὸν
2310 4206 2495 4256 τόπον
2524 4219 2644 4271 μου
2677 4202 2776 4255 καὶ
2815 4204 2901 4267 εὶς
2933 4199 3048 4269 τὴν
3075 4198 3192 4269 γῆν
3213 4216 3361 4267 μου.

2067 4305 2137 4353 α’.
2163 4298 2244 4351 Τὰ
2284 4296 2580 4368 λειπόμενα
2619 4297 2726 4350 τῶν
2764 4297 2890 4368 χθές
2934 4298 3237 4367 εἰρημένων
3278 4294 3595 4360 ἀναγκαῖον

1997 4380 2285 4435 ἀποδοῦναι
2310 4384 2544 4451 σήμερον
2562 4383 2626 4451 τῇ
2654 4381 2892 4452 ὑμετέρᾳ
2911 4379 3117 4449 ἀγάπῃ,
3147 4378 3233 4430 ἵνα
3255 4377 3355 4431 καὶ
3379 4380 3446 4431 ἐκ
3479 4375 3594 4428 τῶν

1996 4464 2092 4517 νῦν
2120 4463 2425 4534 λεγομένων
2448 4464 2542 4517 καὶ
2568 4464 2664 4534 τὴν
2691 4462 2785 4517 τοῦ
2811 4462 2945 4517 Θεοῦ
2976 4461 3322 4533 κηδεμονίαν,
3354 4462 3425 4531 ἢν
3452 4460 3596 4532 περὶ

1995 4549 2086 4601 τὸν
2122 4547 2311 4601 Ἰακὼὸ
2353 4547 2715 4611 ἐπεδείκνυτο,
2753 4547 2847 4601 καὶ
2876 4546 2934 4599 τὸ
2966 4544 3059 4598 τοῦ
3086 4545 3295 4598 δικαίου
3329 4544 3593 4611 φιλόθεον

1998 4631 2425 4702 καταμαθόντες,
2466 4630 2799 4702 ζηλώσωμεν
2830 4629 2922 4684 τοῦ
2977 4630 3167 4701 ἀνδρὸς
3198 4632 3299 4700 τὴν
3346 4631 3587 4700 ἀρετήν.

1998 4716 2134 4769 Οὐδὲ
2169 4714 2275 4785 γὰρ
2316 4714 2501 4777 ἁπλῶς
2530 4716 2659 4785 ἡμῖν
2686 4714 2783 4777 τὰς
2824 4714 3059 4784 ἱστορίας
3101 4712 3302 4774 ταύτας
3332 4714 3588 4783 ἀναγράο

1998 4817 2163 4861 πτους
2184 4801 2217 4868 ἡ
2240 4798 2332 4851 τοῦ
2355 4797 2666 4868 [Ινεύματος
2688 4800 2845 4869 χάρις
2867 4796 3119 4866 γενέσθαι
3143 4786 3587 4867 παρεσκεύασεν,

1998 4881 2112 4935 ἀλλ’
2140 4882 2227 4934 ἵνα
2264 4881 2399 4951 πρὸς
2432 4882 2660 4951 μίμησιν
2694 4882 2839 4951 ἡμᾶς
2868 4881 3107 4952 διεγείρῃ
3144 4880 3239 4933 καὶ
3268 4878 3432 4949 ζῆλον
3472 4880 3592 4931 τῶν

1999 4964 2269 5034 ἐναρέτων
2295 4963 2523 5034 ἀνδρῶν.
2549 4965 2716 5016 Ὅταν
2744 4965 2853 5036 γάρ
2874 4964 3193 5035 ἀκούσωμεν
3220 4964 3313 5016 τοῦ
3351 4964 3453 5034 μὲν
3487 4963 3592 5033 τήν

2001 5047 2300 5117 ὑπομονὴν,
2323 5046 2417 5100 τοῦ
2437 5046 2492 5100 δέ
2513 5048 2610 5119 τὴν
2636 5048 3007 5119 σωφροσύνην,
3032 5049 3220 5118 ἐτέρου
3247 5047 3308 5100 τὸ
3333 5048 3465 5116 περὶ
3484 5048 3592 5117 τὴν

2000 5134 2300 5203 φιλοξενίαν
2335 5134 2571 5202 ἕτοιμον,
2602 5134 2696 5187 καὶ
2726 5134 2954 5189 ἐκάστου
2991 5135 3092 5204 τὴν
3122 5132 3325 5203 πολλὴν
3353 5132 3589 5203 ἀρετὴν,

2003 5220 2094 5272 καὶ
2123 5220 2270 5282 ὅπως
2300 5218 2502 5271 τούτων
2524 5218 2752 5281 ἕκαστος
2780 5218 3039 5288 διέλαμψε
3066 5219 3160 5269 καὶ
3185 5215 3593 5287 περιφανέστεο

2006 5320 2095 5373 ρος
2123 5303 2363 5372 γέγονεν,
2397 5303 2476 5366 είς
2503 5305 2684 5372 ὅμοιον
2711 5300 3086 5373 διεγειρόμεθα
3115 5300 3295 5371 ζῆλον.
3321 5300 3465 5371 Φέρε
3490 5294 3592 5351 οὖν

2000 5390 2093 5443 καὶ
2119 5389 2186 5441 τά
2222 5386 2514 5456 λειπόμενα
2542 5387 2639 5457 τῆς
2677 5387 2817 5440 κατά
2859 5390 2949 5441 τὸν
2975 5386 3179 5441 δίκαιον
3208 5388 3400 5441 τοῦτον
3435 5389 3587 5440 ἱστο-

2007 5471 2125 5543 ρίας
2156 5472 2391 5541 σήμερον
2421 5469 2753 5533 ἐπελθόντες,
2793 5470 2944 5533 τέλος
2989 5470 3265 5541 ἐπιθῶμεν
3296 5472 3377 5539 τῷ
3413 5471 3591 5541 λόγῳ.

2016 5554 2277 5623 Ἐγένετο
2303 5552 2391 5615 δὲ,
2419 5553 2603 5622 φησὶν,
2637 5554 2719 5618 ὠς
2744 5554 2909 5607 ἔτεκε
2941 5554 3073 5622 Ῥαχ
3085 5554 3159 5620 hx
3186 5554 3293 5607 τὸν
3339 5554 3585 5623 Ἰωσὴφ,

2003 5634 2172 5692 εἶπεν
2224 5636 2423 5689 Ἰακὼϐ
2476 5637 2557 5701 τῷ
2604 5634 2833 5690 Λάϐαν·
2884 5636 3264 5690 Ἀπόστειλόν
3316 5655 3426 5707 με,
3484 5639 3587 5692 ἵνα

2060 5776 2089 5817 δ
2115 5777 2211 5827 Sex
2237 5790 2349 5826 mss.
2369 5779 2491 5840 ἡμᾶς
2511 5778 2580 5840 ἐφ’
2603 5778 2805 5835 ἑκάστης
2830 5776 3069 5841 εὐεργετεῖ.
