3730 6258
57 288 170 343 €93

60 402 172 457 huc
205 418 388 458 amore
415 404 581 473 magis
611 417 901 473 propensus
930 404 983 458 in
1014 404 1297 459 Rachelcm
1316 423 1329 459 :
1351 407 1397 459 si
1426 404 1646 460 liocnon

61 496 260 549 fuisset
288 496 502 559 factum,
534 495 800 565 quomodo
840 496 979 551 ferre
1024 501 1278 566 potuisset
1323 497 1413 550 Lia
1451 496 1650 551 sororis

58 588 512 642 contubernium?
542 586 609 643 Ut
645 588 787 642 enim
830 603 1042 642 omnem
1078 588 1175 642 viri
1207 597 1515 656 potestatem
1552 587 1649 640 ha-

63 677 227 743 bens,
252 680 320 733 ita
344 679 599 748 permittit
625 680 673 733 ei
705 694 799 748 pro
821 680 1185 750 mandragoris
1209 679 1400 744 virum,
1429 689 1483 733 et
1502 678 1647 733 dicit:

62 768 309 823 Dormiat
324 770 472 823 hodie
488 779 648 823 tecum
673 785 764 839 pro
789 769 1157 840 mandragoris.
1183 768 1427 835 Satisfac,
1460 769 1649 840 inquit,

64 878 199 917 meo
225 861 509 926 desiderio,
531 870 593 916 et
618 861 798 930 accipe
817 862 1011 915 virum.
1031 862 1115 917 16.
1145 861 1446 917 Adveniente
1463 870 1650 928 autem,

69 951 272 1021 inquit.
299 949 481 1015 Iacob,
515 967 714 1020 egressa
754 953 805 1004 in
836 967 1099 1004 occursum
1125 951 1236 1019 ejus
1262 950 1356 1003 Lia
1382 942 1553 1004 dixit:
1578 950 1654 1003 Ad

70 1058 160 1096 me
182 1042 481 1112 ingredieris
503 1041 680 1106 hodie;
711 1041 934 1094 mercede
952 1041 1084 1094 enim
1108 1040 1324 1095 conduxi
1351 1049 1397 1094 te
1420 1042 1543 1093 mihi
1564 1056 1655 1109 pro

73 1133 435 1201 mandragoris
460 1133 557 1196 ﬁlii
578 1132 710 1185 mei:
739 1140 785 1185 et
826 1131 1057 1185 dormivit
1104 1147 1219 1184 cum
1266 1146 1326 1184 ea
1374 1139 1518 1185 nocte
1540 1130 1650 1184 illa.

75 1226 171 1278 17.
205 1223 273 1278 Et
299 1224 550 1278 exaudivit
579 1222 712 1276 Deus
740 1220 906 1288 Liam,
938 1231 983 1275 et
1022 1221 1245 1290 concepit
1271 1229 1318 1274 et
1344 1221 1532 1291 peperit
1556 1218 1656 1273 Ia-

73 1316 207 1369 cobo
229 1316 457 1385 quintum
483 1314 663 1382 (ilium.
690 1314 775 1367 18.
802 1311 869 1366 Et
896 1313 1023 1366 dixit
1049 1312 1143 1366 Lia
1162 1328 1180 1366 :
1200 1310 1350 1365 Dedit
1378 1311 1502 1365 mihi
1522 1311 1659 1365 Deus

76 1406 362 1459 mercedem
381 1421 561 1467 meam,
586 1420 642 1457 eo
662 1404 796 1473 quod
812 1403 929 1457 dedi
952 1404 1191 1458 ancillam
1216 1419 1379 1456 meam
1406 1402 1510 1457 viro
1527 1417 1655 1454 meo.

76 1497 156 1551 Et
182 1497 370 1551 vocavit
393 1511 573 1549 nomen
601 1496 711 1563 ejus
737 1493 970 1561 Isachar,
993 1493 1126 1564 quod
1150 1502 1222 1547 est
1248 1508 1451 1546 merces.
1484 1491 1662 1545 Exau-

22 1594 31 1601 '
79 1588 232 1651 dicit,
262 1588 450 1656 inquit,
481 1584 617 1638 Deus
645 1583 810 1637 Liam.
840 1583 970 1651 Quia
992 1583 1205 1638 videbat
1226 1598 1343 1637 eam
1370 1582 1657 1646 dolentem,

80 1692 264 1748 neque
290 1677 443 1730 valde
470 1676 659 1729 marito
686 1682 978 1743 acceptam,
1010 1672 1279 1729 exaudivit
1302 1686 1439 1737 eain,
1472 1671 1658 1740 inquit,

81 1771 253 1835 Deus,
281 1780 334 1824 ct
363 1771 585 1838 peperit,
616 1781 680 1821 ac
702 1766 865 1825 dixit:
888 1765 1005 1819 Tuli
1046 1764 1368 1831 mercedem,
1410 1778 1477 1820 eo
1519 1762 1661 1835 quod

79 1861 211 1916 dedi
244 1859 485 1914 ancillam
527 1872 720 1912 meam.
771 1856 1054 1924 Propterea
1096 1854 1303 1909 vocavit
1331 1868 1523 1908 nomen
1548 1852 1663 1922 ejus

80 1950 322 2005 lsacbar.
356 1950 441 2004 I9.
478 1946 543 2001 Et
583 1947 809 2016 concepit
848 1946 1015 1999 adimo
1060 1944 1176 2006 Lia,
1208 1954 1256 1998 et
1280 1943 1473 2013 peperit
1500 1942 1664 2011 ﬁlium

82 2052 303 2096 sextum.
335 2039 424 2094 20.
463 2038 534 2092 Ει
566 2038 693 2092 dixit
722 2035 820 2090 Lia
840 2055 859 2090 :
883 2035 1097 2089 Donavit
1135 2035 1260 2087 mihi
1297 2033 1433 2087 Deus
1476 2032 1665 2086 donum

86 2135 298 2186 bonum.
330 2130 482 2183 Nunc
508 2129 743 2199 temporis
770 2142 847 2181 me
873 2127 1017 2196 eliget
1041 2126 1117 2179 vir
1139 2141 1307 2190 meus;
1339 2124 1505 2194 peperi
1532 2121 1665 2175 enim

86 2226 140 2278 ei
169 2226 301 2292 filios
327 2240 434 2277 sex.
462 2222 530 2277 Et
559 2221 748 2275 vocavit
781 2234 960 2273 nomen
985 2219 1096 2289 ejus
1117 2215 1365 2271 Zabulon.
1415 2212 1663 2277 Posthac,

86 2318 279 2387 inquit,
303 2314 545 2369 amabilis
572 2328 665 2368 ero
690 2321 745 2368 et
771 2326 890 2381 ego,
911 2309 1034 2380 quia
1054 2310 1230 2378 peperi
1257 2321 1350 2361 sex
1372 2304 1525 2360 ﬁlios.
1544 2303 1667 2359 Ideo

85 2407 303 2462 vocavit
331 2420 519 2459 nomen
546 2405 661 2472 ejus
695 2401 949 2456 Zabulon.
990 2399 1081 2453 21.
1111 2396 1315 2465 Peperit
1338 2405 1504 2450 autem
1526 2404 1574 2448 et
1603 2394 1666 2463 ﬁ-

84 2498 237 2563 liam,
262 2504 309 2550 et
341 2495 530 2549 vocavit
559 2509 735 2546 nomen
777 2492 888 2563 ejus
935 2489 1089 2543 Dina.
1128 2487 1221 2541 22.
1261 2486 1570 2542 Recordatus
1595 2493 1667 2538 est

88 2598 264 2641 autem
285 2584 421 2639 Deus
449 2584 705 2647 Rachelis,
729 2592 775 2636 et
804 2581 1059 2636 exaudivit
1084 2595 1216 2646 eam,
1260 2588 1306 2633 et
1334 2576 1530 2647 aperuit
1556 2577 1666 2647 ejus

87 2680 313 2734 vulvam.
334 2678 425 2734 25.
448 2677 516 2731 Et
544 2677 788 2747 concepit,
819 2683 867 2730 et
889 2674 1077 2745 peperit
1101 2673 1265 2742 ﬁlium
1285 2671 1495 2726 Iacobo.
1523 2669 1669 2724 Dixit

85 2783 260 2828 autem
311 2772 533 2827 Rachel:
555 2770 773 2825 Abstulit
795 2785 827 2822 a
854 2784 932 2821 me
969 2766 1107 2821 Deus
1134 2764 1458 2837 opprobrium
1481 2779 1665 2817 meum.

88 2865 186 2920 24.
230 2862 295 2916 Et
343 2862 532 2916 vocavit
575 2876 755 2914 nomen
800 2859 912 2929 ejus
949 2856 1157 2927 Ioseph,
1196 2852 1670 2923 dicens:Apposuit

90 2955 225 3009 mihi
246 2954 379 3008 Deus
402 2955 562 3023 ﬁlium
590 2953 767 3006 alium.
800 2950 1016 3004 Abstulit
1039 2965 1070 3002 a
1093 2963 1191 3013 me,
1213 2947 1402 3017 inquit,
1428 2943 1563 2998 Deus
1578 2959 1666 3012 op-

90 3046 385 3117 probrium;
405 3046 560 3099 solvit
577 3044 904 3099 sterilitatem
921 3057 936 3096 :
960 3039 1215 3110 propitius
1232 3038 1399 3092 factus
1417 3044 1499 3091 est
1515 3034 1667 3100 mihi,

90 3146 149 3192 et
171 3137 414 3192 idoneam
443 3135 565 3190 fecit
602 3134 667 3188 ad
696 3130 1078 3203 procreandum
1114 3128 1250 3184 ﬁlios
1270 3127 1510 3194 vulvam,
1540 3126 1673 3180 libe.

94 3244 318 3297 rumque
344 3242 429 3282 me
456 3227 577 3281 fecit
596 3226 663 3280 ab
704 3223 988 3296 opprobrio
1008 3236 1150 3276 meo.
1178 3220 1245 3274 Et
1271 3220 1458 3274 vocavit
1492 3234 1671 3272 nomen

90 3322 205 3391 ejus
231 3318 444 3389 Ioseph,
470 3317 640 3370 dicens
662 3332 682 3370 :
712 3314 958 3385 Apposuit
988 3313 1112 3366 mihi
1134 3311 1271 3366 Deus
1297 3311 1459 3378 ﬁlium
1486 3308 1666 3362 alium.

92 3411 258 3465 Vides
287 3408 551 3479 quomodo
588 3406 840 3476 paulatim
883 3404 1263 3474 promissiones
1308 3401 1403 3457 Dei
1449 3402 1500 3455 in
1538 3414 1672 3469 opus

88 3514 325 3570 egressae
350 3498 506 3552 sunt?
532 3496 668 3551 Ecce
711 3496 853 3550 enim
895 3503 1147 3563 quantum
1183 3499 1403 3561 repente
1450 3491 1673 3544 chorum

91 3592 331 3645 ﬁliorum
359 3591 497 3644 circa
541 3604 599 3641 se
631 3587 811 3641 habuit
850 3585 1047 3655 justus,
1086 3592 1302 3653 propter
1342 3580 1673 3636 manifestam

90 3683 193 3737 Dei
232 3695 356 3750 erga
384 3695 444 3735 se
488 3678 888 3749 providentiam.
933 3674 1189 3741 Quoniam
1236 3674 1379 3726 enim
1428 3684 1672 3740 magnam

88 3789 208 3843 ιιι-ω
236 3788 296 3826 se
325 3772 441 3826 tulit
467 3772 788 3841 patientiam,
820 3766 1219 3839 quatuordecim
1256 3764 1408 3818 annis
1442 3765 1672 3817 servitu-

86 3874 206 3918 tem
228 3865 420 3929 ferens,
445 3869 720 3931 propterea
740 3870 793 3915 et
818 3860 1187 3913 universorum
1213 3855 1466 3910 Dominus
1487 3868 1669 3908 remu-

90 3970 294 4010 nerans
313 3955 439 4023 justi
469 3953 742 4023 pietatem,
791 3952 843 4005 in
883 3959 1087 4004 tantum
1112 3962 1235 4003 eum
1260 3960 1502 4001 crescere
1527 3944 1671 4011 fecit,

92 4057 155 4101 ut
185 4056 240 4101 et
264 4046 483 4115 posthac
510 4044 798 4099 invidiosus
837 4043 952 4096 aliis
990 4041 1162 4106 ﬁeret,
1192 4040 1328 4094 sicut
1354 4053 1419 4093 ex
1444 4052 1675 4108 sequen-

90 4140 243 4194 tibus
271 4138 553 4203 discemus,
583 4149 701 4206 qute
725 4133 917 4189 vellem
941 4140 1283 4203 pertractare.

204 4231 260 4287 6.
320 4230 533 4284 Moralis
594 4226 818 4299 epilogus
860 4241 880 4290 ;
940 4226 1216 4279 humanum
1267 4223 1513 4277 auxilium
1571 4236 1673 4275 non

89 4321 712 4395 quaerendum—Verum
744 4334 811 4374 ne
849 4317 1104 4389 prolixius
1145 4330 1447 4371 sermonem
1484 4321 1674 4369 exten—

90 4416 323 4476 damus,
368 4428 502 4466 neve
546 4411 800 4465 molestus
840 4422 959 4463 esse
987 4407 1168 4461 videar
1208 4404 1414 4460 caritati
1446 4410 1671 4467 vestrae,

94 4507 144 4561 si
179 4506 370 4575 placet,
419 4519 537 4574 quae
565 4503 764 4572 reliqua
789 4510 912 4555 sunt
934 4500 987 4554 in
1026 4505 1334 4568 sequentem
1364 4494 1672 4549 concionem

95 4596 460 4661 reservaturi,
494 4595 736 4648 ﬁniamus
790 4592 875 4646 hic
917 4604 1219 4646 sermonem
1246 4630 1262 4653 ,
1305 4586 1430 4641 illud
1461 4573 1670 4641 interim

91 4689 372 4744 caritatem
419 4696 647 4741 vestram
675 4685 1055 4749 admonentes,
1088 4690 1146 4735 ut
1166 4695 1348 4736 eorum
1378 4694 1495 4748 quae
1534 4675 1671 4731 dicta

91 4788 227 4835 sunt
253 4792 543 4844 memores,
576 4776 849 4831 imitemini
892 4774 1185 4844 priscorum
1227 4771 1510 4834 virtutem,
1540 4768 1674 4821 ﬁlias

90 4867 361 4925 elocando
388 4909 403 4933 ,
448 4882 643 4938 pueros
686 4865 870 4936 nuptui
918 4863 1204 4925 tradendo,
1263 4869 1439 4915 vestra
1481 4859 1675 4912 virtule

93 4961 194 5017 Dei
223 4961 445 5030 gratiam
477 4959 760 5013 conciliare
795 4957 945 5010 vobis
968 4952 1247 5009 studendo.
1288 4950 1418 5005 Nam
1440 4964 1558 5004 cum
1585 4948 1673 5002 ille

92 5052 256 5109 nobis
278 5051 481 5104 amicus
507 5049 681 5111 fuerit,
710 5046 917 5103 etiamsi
947 5047 998 5100 in
1020 5046 1189 5099 aliena
1220 5052 1358 5097 terra
1383 5040 1635 5095 fuerimus
1656 5077 1670 5102 ,

92 5143 310 5199 etiamsi
338 5141 406 5196 ab
447 5142 691 5196 omnibus
712 5139 981 5203 destituti,
1014 5138 1219 5193 etiamsi
1256 5135 1417 5189 nullis
1443 5132 1672 5202 cogniti,

90 5235 347 5290 omnibus
388 5233 586 5288 erimus
634 5231 907 5286 clariores.
950 5228 1087 5282 Nihil
1130 5228 1270 5282 enim
1318 5224 1521 5279 beatius
1560 5222 1676 5276 viro

90 5342 328 5397 superna
356 5341 516 5380 manu
563 5324 763 5393 adjuto.
798 5323 1004 5378 Etenim
1037 5320 1219 5375 beatus
1256 5318 1419 5373 Iacob
1448 5317 1538 5371 illo
1567 5315 1673 5369 fre-

94 5432 185 5474 tus
229 5419 516 5488 pra-sidio,
564 5418 619 5471 in
662 5426 858 5471 tantam
900 5414 1150 5484 paulatim
1192 5412 1412 5482 gloriam
1462 5417 1676 5464 evectus

91 5521 212 5575 est,
245 5519 381 5565 utet
423 5511 489 5563 iis
525 5510 613 5579 qui
654 5517 760 5562 tam
807 5507 975 5560 amice
1014 5512 1357 5573 exceperant,
1388 5500 1678 5555 invidiosus

92 5604 166 5657 sit
198 5602 383 5655 factus.
412 5599 523 5654 Iloc
549 5599 707 5669 igitur
731 5604 785 5653 et
807 5610 904 5650 nos
931 5595 1239 5649 Studeamus
1260 5634 1277 5658 ,
1308 5600 1364 5646 ut
1389 5602 1676 5659 supernum

94 5693 440 5766 atquiramus
474 5690 725 5746 auxilium
746 5730 760 5756 ,
791 5696 845 5743 et
883 5701 987 5743 non
1012 5685 1079 5743 ad
1108 5684 1365 5741 humanos
1410 5678 1680 5750 confugia-

1086 290 1151 345 ΙΝ
1187 287 1336 346 CAP.
1385 289 1549 347 XXX.
1589 286 1832 345 GENES.
1876 286 2100 343 IIOIIIL.
2144 284 2299 343 LVII.

3222 284 3321 339 ιοι

1755 418 1873 456 mus
1895 403 2216 471 principatus
2232 441 2249 464 ,
2279 415 2450 472 neque
2476 400 2680 455 illorum
2705 398 3002 469 praesidium
3025 408 3311 456 sectemur:

1754 495 1880 548 nihil
1911 496 2050 548 enim
2082 494 2464 563 periculosius;
2516 493 2565 546 id
2594 493 2733 562 quod
2777 508 2952 545 rerum
3000 490 3327 560 experientia

1753 585 1880 639 satis
1907 583 2181 637 discimus.
2209 583 2415 637 Etenim
2446 582 2683 637 videmus
2721 581 2953 652 quotidie
2976 596 3064 635 res
3093 597 3151 636 se
3178 591 3319 636 tanta

1756 676 2029 732 velocitate
2054 674 2119 729 ad
2143 674 2485 729 mutationem
2515 674 2767 728 inclinare
2784 713 2799 738 ,
2825 682 2878 727 et
2904 674 3034 727 verti
3065 674 3115 725 in
3142 672 3320 726 diver-

1754 780 1872 820 sum
1897 764 2106 830 omnia,
2135 778 2362 833 eumque
2389 762 2479 834 qui
2508 763 2561 817 in
2588 777 2793 817 summa
2818 762 3172 832 prosperitate
3201 778 3327 830 pau-

1757 854 1808 909 lo
1836 863 1957 908 ante
1982 861 2126 915 erat,
2160 853 2334 907 subito
2360 852 2411 906 in
2438 862 2727 907 extremam
2755 851 3111 906 infelicitatem
3136 851 3321 920 dejici,

1756 958 1820 999 ac
1848 959 1997 999 reum
2023 959 2167 1012 saepe
2210 943 2314 1012 agi.
2342 942 2562 1007 Quantae
2603 942 2761 1012 igitur
2800 941 3116 1010 insipientia:
3142 942 3322 997 fuerit.

1757 1033 1945 1088 horum
1969 1047 2205 1103 quaerere
2231 1031 2534 1102 przesidium
2553 1072 2569 1095 ,
2600 1032 2689 1100 qui
2715 1034 2767 1084 in
2795 1041 2900 1085 tam
2944 1032 3147 1085 incerto
3193 1040 3333 1084 statu

1760 1135 2036 1181 versantur
2057 1165 2073 1191 ,
2106 1139 2169 1179 ac
2192 1140 2259 1178 ne
2301 1137 2395 1177 sua
2439 1122 2653 1191 quidem
2680 1131 2901 1191 possunt
2947 1122 3000 1175 in
3030 1130 3143 1175 tuto
3165 1122 3332 1176 collo-

1761 1214 1932 1270 care?
1976 1212 2098 1267 Ideo
2140 1213 2205 1267 ab
2231 1212 2373 1266 omni
2422 1212 2654 1265 humano
2694 1211 2939 1279 priesidio
2981 1210 3333 1276 desistamus,

1761 1318 2025 1358 memores
2050 1305 2208 1359 etiam
2230 1302 2502 1372 prophetae
2524 1301 2748 1356 dicentis
2779 1318 2793 1354 :
2824 1300 3124 1354 Maledictus
3151 1301 3300 1354 homo
3318 1338 3333 1365 ,

1760 1395 1845 1463 qui
1882 1410 2022 1462 spem
2064 1394 2203 1462 ponit
2244 1393 2298 1446 in
2336 1392 2534 1446 homine
2562 1390 2693 1460 (Ier.
2726 1391 2814 1446 17.
2842 1391 2920 1458 5).
2954 1389 3117 1444 Vides
3162 1390 3325 1444 talem

1766 1485 2030 1539 hominem
2061 1500 2166 1538 non
2211 1483 2383 1538 solum
2431 1482 2798 1551 insipientem,
2848 1480 2940 1535 sed
2968 1481 3128 1535 etiam
3164 1479 3336 1534 male-

1763 1574 1958 1629 dictum
1983 1589 2101 1629 esse
2124 1591 2137 1628 :
2165 1581 2349 1643 utpote
2374 1573 2465 1643 qui
2491 1572 2673 1627 relicto
2702 1570 2926 1625 Domino
2953 1571 3188 1624 omnium
3212 1609 3229 1635 ,
3269 1569 3335 1623 ad

1763 1680 2078 1720 conservum
2120 1665 2324 1730 currit,
2368 1663 2459 1733 qui
2499 1662 2841 1731 semetipsum
2878 1661 3066 1730 juvarc
3108 1660 3339 1730 nequit?

1765 1755 2047 1827 Fugiamus
2075 1756 2234 1827 igitur
2286 1755 2708 1811 maledictionem
2756 1753 2922 1818 banc,
2966 1769 3096 1819 oro,
3141 1763 3198 1807 et
3221 1767 3341 1807 om-

1764 1862 1888 1901 nem
1933 1861 2083 1917 spem
2111 1846 2164 1901 in
2204 1845 2370 1901 Deum
2408 1845 2806 1900 transferamus.
2854 1844 2956 1898 Ista
2997 1843 3139 1898 enim
3169 1842 3336 1897 solida

1765 1945 1848 1993 est
1873 1946 1925 1992 et
1967 1935 2252 1991 immobilis
2276 1945 2330 1991 et
2358 1937 2535 1990 nescia
2569 1934 2976 1999 vicissitudinis,
3007 1933 3157 2002 cujus
3184 1932 3340 2002 plena

1768 2037 1851 2082 est
1879 2027 1964 2080 illa
1989 2042 2145 2096 quam
2172 2027 2224 2081 in
2268 2026 2568 2080 hominibus
2594 2024 2869 2081 habemus.
2903 2024 2998 2079 Vel
3027 2024 3168 2078 enim
3199 2038 3344 2077 iners

1769 2117 1904 2170 tollit
1930 2116 2216 2171 humanum
2260 2116 2591 2186 przesidium,
2618 2125 2672 2170 et
2700 2128 2792 2169 eos
2817 2115 2906 2183 qui
2935 2113 3001 2167 ad
3031 2116 3130 2167 hoc
3154 2111 3342 2167 confu-

1767 2208 1947 2278 giunt,
1996 2207 2264 2262 solitarios
2306 2205 2579 2275 nudosque
2619 2205 2869 2274 relinquit
2915 2211 3016 2258 :et
3058 2202 3141 2256 vel
3187 2201 3347 2255 etiam

1767 2306 1891 2350 ante
1938 2306 2164 2351 mortem
2205 2296 2427 2350 mutatio
2469 2311 2648 2350 rerum
2694 2294 2951 2348 ambobus
2997 2292 3176 2347 omnia
3212 2306 3348 2346 vana

1770 2386 1960 2443 reddit.
2012 2386 2173 2442 Plena
2200 2394 2282 2441 est
2331 2386 2445 2440 haec
2485 2387 2589 2440 vita
2619 2384 2875 2454 exemplis
2902 2384 3114 2439 talibus.
3147 2382 3272 2437 Ideo
3301 2381 3341 2435 ii

1769 2486 1889 2549 post
1908 2486 2104 2532 tantam
2132 2476 2515 2547 experientiam
2551 2475 2698 2529 nulla
2723 2475 2873 2528 venia
2902 2481 3025 2529 sunt
3052 2472 3227 2542 digni,
3259 2470 3350 2541 qui

1767 2568 1943 2624 adhuc
1983 2568 2213 2623 humano
2261 2568 2500 2622 nituntur
2544 2564 2821 2636 przesidio,
2852 2572 2906 2618 et
2942 2578 3083 2632 saepe
3111 2563 3179 2616 ab
3206 2560 3341 2625 illis,

1770 2660 1861 2729 qui
1910 2659 1988 2712 eis
2018 2659 2263 2728 opitulari
2312 2657 2658 2722 videbantur,
2712 2655 2912 2709 inﬁnita
2963 2653 3102 2707 mala
3146 2650 3347 2706 ferunt.

1769 2751 2016 2819 ansque
2041 2750 2181 2805 enim
2202 2748 2369 2804 crevit
2394 2748 2608 2811 malitia,
2635 2755 2685 2799 ut
2712 2746 2846 2799 mala
2875 2743 3167 2814 rependant
3190 2741 3349 2795 etiam

1774 2844 1842 2897 iis
1866 2844 1954 2913 qui
1987 2846 2129 2912 ipsos
2176 2855 2513 2910 summopere
2540 2839 2804 2892 colebant.
2840 2837 3035 2890 Verum
3060 2832 3199 2903 apud
3228 2833 3350 2885 uni-

1772 2948 2045 2988 versorum
2077 2933 2239 2986 Deum
2269 2946 2423 2985 secus
2457 2944 2544 2983 res
2571 2944 2630 2983 sc
2656 2927 2812 2980 habet
2839 2943 2853 2993 ;
2887 2940 3007 2978 nam
3034 2924 3156 2978 licet
3178 2921 3350 2992 qu0ti-

1772 3023 1859 3080 die
1882 3023 2071 3094 ingrati
2101 3024 2266 3078 simus
2286 3064 2300 3087 ,
2328 3020 2590 3077 benefacit
2617 3029 2791 3073 tamen
2811 3060 2826 3084 ,
2856 3030 3059 3086 suoque
3099 3013 3350 3086 praesidio

1774 3131 1871 3172 nos
1896 3132 2000 3171 non
2027 3116 2291 3178 destituit,
2324 3130 2428 3168 non
2474 3112 2541 3167 ad
2597 3114 2856 3182 ingratum
2887 3119 3127 3163 nostrum
3176 3105 3349 3175 respi-

1773 3209 1919 3264 ciens
1944 3209 2197 3271 animum,
2218 3207 2308 3260 sed
2336 3206 2389 3259 in
2412 3203 2658 3258 omnibus
2688 3218 2782 3271 pro
2803 3216 2895 3253 sua
2924 3212 3085 3268 agens
3110 3196 3342 3252 clemen-

1775 3300 1882 3353 tia:
1913 3314 2016 3369 qua
2047 3298 2197 3352 nobis
2247 3296 2494 3350 omnibus
2544 3294 2642 3348 frui
2690 3291 3010 3346 concedatur
3035 3331 3049 3353 ,
3081 3288 3250 3355 gratia
3294 3295 3347 3340 et

1774 3387 2135 3443 misericordia
2184 3386 2389 3441 Domini
2434 3385 2601 3439 nostri
2631 3382 2756 3437 Iesu
2798 3380 3033 3445 Christi,
3081 3393 3200 3431 cum
3244 3390 3352 3445 quo

1776 3480 1917 3534 Patri
1956 3478 2113 3532 simul
2143 3488 2195 3531 et
2237 3476 2452 3546 Spiritui
2476 3482 2657 3528 sancto
2696 3474 2766 3527 sit
2792 3470 2956 3541 gloria
2981 3511 2995 3535 ,
3030 3467 3348 3537 imperium,

1776 3572 1976 3637 honor,
2023 3585 2164 3625 nunc
2192 3578 2245 3623 et
2287 3582 2529 3636 semper,
2570 3574 2624 3620 et
2672 3565 2724 3618 in
2764 3562 2956 3617 srccula
3010 3560 3345 3615 saeculorum.

1774 3663 1963 3717 Amen.

2308 3766 2586 3823 IIOMILIA
2662 3765 2818 3819 LVII.

1776 3889 1997 3944 Factum
2019 3896 2089 3942 est
2117 3894 2283 3940 autem
2309 3893 2571 3954 postquam
2596 3880 2784 3950 peperit
2812 3876 3002 3932 Rachel
3028 3874 3239 3945 Ioseph,
3266 3874 3350 3927 di-

1840 3981 1915 4037 xit
1942 3978 2104 4033 Iacob
2124 3976 2192 4030 ad
2218 3975 2389 4028 Laban
2420 3988 2438 4027 :
2463 3971 2673 4024 Dimitte
2695 3985 2789 4031 me,
2820 3976 2876 4021 ut
2904 3968 3077 4019 abeam
3104 3966 3155 4017 in
3183 3965 3348 4018 locum

1847 4089 2011 4127 meum
2029 4080 2075 4124 et
2102 4070 2156 4124 in
2181 4078 2364 4122 terram
2388 4081 2547 4121 meam
2565 4061 2821 4135 (Gen.50.
2846 4059 2953 4129 25).

1847 4204 2165 4273 LExempla
2187 4210 2477 4256 sanctorum
2499 4196 2744 4251 imitanda
2778 4193 2920 4249 nobis
2958 4190 3191 4263 proponit
3216 4189 3354 4245 Scri-

1777 4309 1947 4367 plura.
1979 4293 2367 4349 Mansuetudinc
2405 4290 2535 4344 nihil
2571 4286 2802 4342 validius.
2834 4314 2905 4325 —-
2925 4282 3193 4352 Reliquias
3235 4279 3351 4333 heri

1775 4389 2034 4442 dictorum
2089 4392 2325 4439 nostrum
2361 4391 2442 4436 est
2465 4379 2623 4433 hodie
2648 4384 2838 4431 vestra:
2864 4375 3066 4430 caritati
3089 4371 3348 4437 reddere,

1777 4492 1833 4534 ut
1869 4495 1933 4534 ex
1978 4478 2061 4531 his
2089 4491 2205 4547 qua:
2236 4490 2375 4529 nunc
2419 4473 2667 4526 dicuntur
2695 4469 2960 4523 discentes
2987 4475 3040 4520 et
3066 4462 3351 4535 providen-

1779 4574 1901 4627 tiam
1932 4572 2053 4632 Dei.
2082 4583 2239 4639 quam
2274 4581 2398 4637 erga
2424 4564 2589 4620 Iacob
2616 4559 2926 4625 declaravit,
2948 4568 3000 4612 et
3021 4556 3147 4627 justi
3181 4555 3351 4624 pieta-

1779 4675 1885 4717 tem
1915 4669 2244 4731 spectantes,
2276 4658 2541 4711 imitemur
2569 4653 2682 4723 ejus
2709 4652 2972 4705 virtutem.
3002 4647 3184 4717 Neque
3202 4646 3345 4701 enim

1777 4760 1980 4826 absque
2021 4770 2179 4812 causa
2228 4752 2398 4808 sancti
2448 4750 2676 4819 Spiritus
2715 4746 2882 4817 gratia
2929 4744 3152 4813 scriptas
3198 4740 3346 4794 nobis

1778 4851 1992 4919 reliquit
2034 4848 2192 4903 hasce
2239 4844 2520 4906 historias,
2551 4840 2645 4896 sed
2688 4849 2746 4894 ut
2773 4837 2840 4892 ad
2877 4834 3266 4891 :emulationem
3298 4840 3354 4884 el.

1780 4942 2124 4997 imitationem
2175 4948 2439 4993 tantorum
2506 4935 2738 4987 virorum
2801 4935 3069 4998 provocet.
3130 4922 3354 4989 Quando

1779 5035 1920 5089 enim
1980 5032 2223 5086 audimus
2278 5028 2431 5096 hujus
2496 5024 2707 5094 quidem
2766 5016 3151 5080 obedientiam,
3203 5013 3353 5067 iStius

1781 5136 1954 5180 autem
1998 5120 2409 5182 continentiam,
2440 5116 2584 5170 illius
2626 5127 2752 5166 vero
2779 5111 2830 5164 in
2877 5106 3171 5176 hospitibus
3199 5102 3351 5157 colli-

1779 5218 1965 5289 gendis
1989 5211 2398 5269 sollicitudinem
2420 5250 2435 5276 ,
2466 5217 2815 5276 magnamque
2839 5199 3167 5270 singulorum
3191 5196 3357 5249 virtu-

1783 5286 1988 5368 tem.ac
2034 5304 2299 5376 quomodo
2358 5301 2686 5362 claruerint,
2749 5296 2816 5350 ad
2868 5292 3061 5349 similia
3116 5286 3354 5344 facienda

1781 5403 2096 5457 excitamur.
2136 5400 2248 5468 Age
2278 5397 2435 5465 igitur
2461 5394 2526 5448 ad
2558 5408 2619 5447 ea
2651 5406 2770 5460 qua:
2802 5388 2981 5443 relicta
3012 5392 3135 5438 sunt
3177 5382 3232 5436 in
3277 5380 3357 5434 hi-

1783 5493 1945 5547 storia
1976 5491 2119 5545 illius
2139 5488 2264 5556 justi
2295 5485 2450 5539 hodie
2469 5482 2807 5547 accedentes,
2838 5479 2997 5533 ﬁnem
3023 5479 3355 5545 imponamus

1782 5582 2033 5639 sermoni.
2074 5579 2164 5635 25.
2215 5576 2432 5631 Factum
2484 5584 2558 5629 est
2600 5583 2801 5636 autem,
2849 5571 3050 5640 inquit,
3097 5576 3358 5637 postquam

1781 5679 1973 5746 peperit
2004 5671 2191 5728 Rachel
2215 5669 2407 5741 Ioseph
2426 5708 2441 5738 ,
2468 5667 2594 5721 dixit
2618 5663 2777 5721 Iacob
2802 5663 2868 5718 ad
2901 5661 3074 5717 Laban
3103 5675 3122 5713 :
3153 5657 3361 5712 Dimitte
