3730 6292
375 287 481 347 ιθε

375 420 452 456 me
477 445 491 468 ,
521 413 574 456 ut
602 402 775 458 abeam
799 404 849 457 in
890 404 1053 458 locum
1097 420 1261 458 meum
1285 414 1332 457 et
1357 405 1409 457 in
1435 413 1624 458 terram
1652 418 1831 457 nteant.
1862 400 1954 455 26.

381 495 556 552 Redde
583 498 706 551 mihi
729 514 912 553 uxores
933 510 978 550 et
1004 496 1138 565 ﬁlios
1158 514 1292 551 meos
1318 513 1410 566 pro
1437 496 1615 565 quibus
1641 496 1819 550 servivi
1848 494 1955 548 tibi.

380 587 513 643 Vide
538 589 662 657 justi
709 603 954 658 magnam
984 589 1035 641 in
1066 588 1255 641 affectu
1308 587 1624 657 probitatem
1647 629 1663 653 ,
1691 587 1960 657 quomodo

378 680 569 736 videns
591 679 867 733 manifeste
891 679 1054 733 Deum
1078 678 1159 733 sui
1186 678 1385 733 habere
1403 694 1584 732 curam
1611 719 1626 741 ,
1654 694 1757 731 non
1781 692 1961 748 super-

379 769 714 827 bivitcontra
746 769 960 836 Lahan,
1008 770 1101 824 sed
1145 785 1267 823 cum
1319 785 1506 839 magna
1554 770 1961 823 mansuetudine

380 859 549 925 dixit,
603 860 811 913 Dimitte
844 876 951 926 me,
1006 870 1062 914 ut
1100 862 1295 914 abeam.
1350 859 1489 914 Vere
1530 860 1662 914 nihil
1706 875 1957 915 mansue—

378 952 560 1008 tudine
605 952 865 1019 validius,
912 953 1043 1008 nihil
1107 956 1408 1023 potentius.
1450 953 1584 1008 Vide
1613 954 1771 1021 igitur
1824 967 1961 1022 quo-

380 1045 541 1099 modo
588 1047 816 1115 primum
888 1047 1293 1102 mansuetudine
1345 1064 1472 1103 usus
1510 1088 1524 1110 ,
1578 1049 1753 1103 eﬁ‘ecit
1802 1058 1856 1101 ut
1908 1056 1964 1102 et

379 1138 558 1193 [.aban
599 1153 787 1208 magna
826 1140 873 1192 ei
913 1139 1282 1196 benevolentia
1311 1141 1691 1209 responderit.
1730 1142 1819 1195 27.
1868 1141 1962 1193 Di-

377 1230 451 1283 xit
484 1230 616 1283 enim
641 1231 715 1295 ei,
749 1230 956 1300 inquit,
998 1230 1170 1285 Laban
1200 1248 1219 1284 :
1268 1230 1328 1285 Si
1354 1232 1517 1285 inveni
1553 1232 1769 1301 gratiant
1794 1248 1963 1286 coram

379 1330 428 1373 te
450 1362 465 1379 .
508 1322 753 1390 siquidem
790 1325 1073 1391 conjectare
1108 1334 1241 1376 certo
1279 1339 1483 1393 possunt
1518 1324 1656 1393 quod
1695 1324 1963 1379 benedice-

380 1412 445 1464 rit
469 1428 545 1465 me
569 1412 707 1466 Deus
732 1412 783 1465 in
810 1414 1035 1483 ingressu
1057 1422 1142 1466 tuo
1161 1410 1278 1472 .28.
1306 1413 1492 1468 Indica
1521 1414 1650 1468 milti
1688 1416 1964 1469 mercedem

382 1513 542 1568 tuam,
572 1512 621 1556 et
668 1503 821 1559 dabo.
850 1503 963 1556 Non
1011 1504 1238 1573 ignoro,
1271 1507 1475 1573 inquit,
1510 1515 1630 1574 post
1676 1506 1963 1562 adventum

383 1604 531 1650 tuum
551 1596 957 1664 locupletiorem
982 1597 1108 1651 mihi
1131 1597 1362 1652 divinam
1392 1598 1812 1654 benevolentiam
1838 1614 1969 1655 c0u-

383 1688 589 1756 tigisse.
617 1686 782 1757 Igitur
808 1688 931 1757 quia
967 1689 1142 1743 sentio
1164 1689 1421 1743 beneﬁcia
1449 1705 1568 1758 quae
1590 1690 1721 1744 mihi
1750 1701 1969 1761 propter

382 1781 667 1835 adventum
718 1790 866 1835 tuum
912 1781 1032 1836 data
1079 1792 1233 1846 sunt.
1262 1792 1514 1852 quantam
1554 1785 1634 1839 vis
1664 1785 1967 1841 mercedem

384 1871 580 1933 indica.
602 1880 659 1926 et
677 1887 776 1942 ego
806 1882 1050 1943 prompte
1080 1876 1366 1942 praestabo.
1396 1877 1685 1932 Considera
1713 1888 1968 1949 quantum

383 1964 558 2017 valeat
588 1965 941 2020 mansuetudo
966 1982 981 2019 :
1014 1981 1083 2020 ne
1112 1967 1470 2036 perfunctorie
1495 1970 1695 2025 dictum
1725 1982 1968 2026 transea-

386 2069 542 2121 mus;
572 2056 666 2111 sed
688 2056 906 2112 attende
935 2059 1206 2129 quomodo
1227 2060 1405 2129 justus
1436 2078 1608 2133 neque
1636 2066 1970 2134 cogitaverit,

386 2159 564 2216 neque
608 2149 938 2205 mentionem
967 2151 1169 2217 iecerit,
1206 2167 1382 2223 neque
1424 2156 1728 2224 requisierit
1766 2173 1974 2212 mercc-

386 2235 509 2291 dem
559 2238 964 2306 laborum;sed
1011 2243 1115 2299 hoc
1144 2243 1316 2298 solum
1358 2244 1593 2313 dixerit,
1623 2247 1799 2303 Redde
1850 2252 1975 2305 mihi

390 2344 576 2384 uxores
600 2339 647 2384 et
667 2330 849 2386 liberos
880 2350 971 2402 pro
1005 2334 1186 2405 quibus
1206 2336 1383 2391 servivi
1413 2337 1533 2404 tibi,
1560 2351 1616 2393 ut
1643 2339 1816 2394 abeam
1841 2357 1859 2395 :
1887 2342 1975 2397 ille

392 2422 655 2476 reveritus
671 2422 800 2491 justi
823 2439 1067 2495 magnam
1092 2428 1419 2497 aequitatem,
1448 2429 1619 2501 inquit
1651 2449 1664 2486 :
1696 2432 1789 2486 Dic
1816 2448 1974 2503 quam

392 2510 474 2566 vis
502 2511 596 2568 tibi
623 2513 928 2570 mercedem
959 2530 987 2593 a
1016 2532 1102 2572 me
1129 2518 1278 2587 dari,
1301 2530 1354 2576 et
1373 2522 1517 2577 illam
1552 2535 1794 2593 prompte
1815 2525 1976 2583 dabo.

397 2603 588 2656 Annon
620 2619 740 2658 cum
774 2605 891 2675 ipso
917 2618 1072 2663 erant
1104 2612 1360 2668 mulieres
1388 2623 1444 2669 et
1470 2616 1658 2685 pueri?
1679 2616 1855 2684 Quare
1882 2619 1981 2689 igi-

400 2701 487 2747 tur
508 2694 670 2761 dixit,
695 2696 874 2753 Redde
899 2702 1024 2755 mihi
1052 2718 1231 2759 uxores
1258 2715 1303 2758 et
1323 2708 1552 2776 pueros?
1579 2709 1747 2779 Digno
1779 2712 1983 2767 honore

397 2798 522 2839 cum
569 2799 927 2858 prosequutus
955 2802 1074 2861 est,
1111 2811 1375 2867 suumque
1416 2816 1622 2856 morem
1673 2820 1769 2873 per
1803 2805 1982 2859 omnia

398 2873 673 2942 observat,
698 2888 752 2933 et
781 2879 947 2937 libere
975 2882 1252 2942 discedere
1276 2889 1547 2947 vult.Vide
1576 2893 1735 2962 igitur
1755 2909 1820 2950 ex
1853 2911 1980 2951 ver-

400 2965 483 3019 bis
507 2966 637 3035 ipsis
664 2972 934 3038 quomodo
958 2979 1180 3032 attraxit
1200 2978 1495 3047 Labanum,
1514 2992 1568 3037 ut
1596 2998 1656 3040 se
1680 2987 1982 3044 mercedem

402 3056 653 3113 daturum
684 3072 875 3130 sponte
907 3068 1217 3135 promittat,
1249 3080 1407 3141 atque
1435 3074 1751 3131 electionem
1784 3079 1831 3133 ei
1861 3094 1985 3149 per-

402 3150 598 3204 mittat.
649 3151 786 3219 Quid
830 3154 993 3225 igitur
1039 3158 1413 3228 justus?\’ide
1460 3169 1816 3224 excellentem
1872 3172 1989 3241 ejus

407 3246 895 3317 mansuetudinem,
920 3256 1187 3322 quomodo
1216 3273 1389 3328 neque
1416 3262 1492 3317 sic
1517 3279 1775 3321 onerosus
1796 3278 1849 3323 et
1876 3284 1993 3324 mo-

411 3422 631 3482 aﬂ'ectus
660 3438 715 3484 et
738 3431 1036 3491 ofﬁciorum
1068 3453 1312 3508 suorum,
1343 3452 1397 3498 et
1428 3460 1539 3501 sua:
1565 3450 1710 3504 omni
1752 3460 1993 3521 tempore

411 3516 463 3570 in
496 3518 586 3573 illo
614 3523 898 3579 serviendo
927 3526 1341 3588 benevolentim.
1363 3535 1454 3591 29.
1478 3536 1559 3592 Tu
1583 3542 1713 3594 nosti
1735 3583 1749 3606 ,
1779 3516 1951 3614 inquit
1974 3586 1989 3613 ,

412 3610 633 3669 qualiter
658 3613 749 3669 tibi
785 3618 1041 3673 servierint
1070 3621 1124 3688 ⁸,
1165 3633 1211 3676 et
1250 3639 1441 3695 quanta
1485 3631 1674 3701 fuerint
1698 3610 1877 3702 pecora
1907 3610 1994 3690 tua

413 3714 626 3756 mecum.
653 3704 741 3759 50.
769 3705 941 3764 Parva
965 3714 1098 3766 enim
1136 3725 1276 3769 erant
1304 3733 1474 3772 coram
1502 3737 1601 3789 me,
1632 3732 1679 3775 et
1703 3734 1851 3777 aucta
1876 3736 1995 3780 sunt

411 3792 467 3846 in
513 3810 750 3868 magnam
787 3803 1190 3876 multitudinem,
1221 3819 1268 3864 et
1294 3810 1545 3867 benedixit
1573 3825 1620 3869 te
1643 3815 1895 3872 Dominus
1928 3820 1996 3873 ad

417 3888 594 3982 pedem
618 3908 782 3948 meum
805 3910 824 3949 :
850 3912 985 3952 nunc
1011 3900 1167 3971 igitur
1190 3906 1395 3971 quando
1435 3907 1621 3976 faciam
1666 3920 1711 3964 et
1748 3929 1838 3982 ego
1871 3915 1997 3969 mihi

413 3978 512 4047 ipsi
534 3981 741 4039 domum
758 3986 786 4040 γ
808 3987 883 4043 Te
906 4005 1040 4046 voco
1056 4002 1248 4050 testem
1270 3997 1510 4055 laborum
1539 3978 1995 4061 meorum—.Vidisti

417 4071 559 4125 enim
584 4084 785 4165 quanto
814 4082 991 4136 studio
1019 4094 1074 4138 et
1103 4085 1205 4140 ﬁde
1232 4090 1411 4146 omnia
1448 4092 1867 4152 administrarim
1888 4138 1904 4165 ,
1934 4113 1997 4155 ac

418 4163 686 4228 quomodo
733 4166 785 4220 in
833 4184 998 4238 parvo
1043 4189 1267 4231 numero
1309 4183 1605 4250 acceperim
1641 4200 1832 4255 pecora
1872 4163 1995 4254 tua,

421 4265 540 4319 qum
559 4252 832 4325 diligentia
854 4260 1231 4334 vigilantiaque
1257 4282 1373 4324 mea
1401 4270 1453 4325 in
1482 4252 1687 4328 tantum
1714 4252 1994 4334 numerum

421 4356 665 4439 crescere
703 4351 906 4405 curavi.
941 4354 1143 4412 Deinde
1171 4370 1476 4417 monstrans
1505 4378 1654 4420 suam
1684 4368 1996 4439 religionem

425 4433 633 4503 inquit:
667 4438 929 4498 Benedixit
969 4447 1103 4501 enim
1127 4458 1175 4502 te
1200 4449 1449 4509 Dominus
1489 4455 1558 4508 ad
1584 4458 1761 4525 pedem
1786 4433 1955 4515 incum
1981 4478 2000 4518 :

425 4543 559 4582 nunc
588 4530 745 4601 igitur
768 4538 972 4605 quando
994 4542 1179 4610 faciam
1209 4554 1256 4599 et
1278 4562 1370 4618 ego
1395 4548 1521 4604 mihi
1544 4551 1785 4608 domum?
1813 4554 2001 4612 Vidisti

425 4622 586 4677 etiam
636 4626 750 4695 ipse
793 4639 912 4699 post
964 4649 1140 4689 meum
1182 4637 1465 4697 adventum
1502 4646 1726 4714 gratiam
1767 4646 2000 4704 divinam

429 4723 546 4770 tuas
576 4719 790 4775 auxisse
818 4721 1115 4784 facultates.
1146 4729 1296 4786 Nunc
1327 4734 1508 4803 igitur,
1541 4742 1792 4807 quoniam
1824 4752 1878 4796 et
1902 4757 2003 4812 ego

423 4821 543 4873 qua?
565 4824 699 4865 mea:
723 4822 877 4870 erant
903 4815 1170 4875 facultatis
1199 4826 1377 4879 omnia
1408 4843 1597 4899 magna
1618 4832 1781 4886 animi
1809 4834 2002 4889 alacri-

427 4910 536 4956 tate
566 4903 769 4961 faciens
790 4949 806 4976 ,
838 4910 1194 4969 ministerium
1224 4917 1448 4987 perfeci.
1477 4930 1532 4975 et
1558 4925 1731 4991 gratia
1759 4926 1854 4981 Dei
1891 4942 2003 4981 ma-

429 4994 622 5053 nifesta
643 5000 754 5055 visa
776 5010 888 5058 est:
906 5003 1110 5075 justum
1137 5018 1222 5064 est
1247 5019 1303 5064 ut
1324 5020 1379 5065 et
1406 5028 1506 5083 ego
1530 5015 1657 5069 mihi
1687 5017 1785 5087 ipsi
1810 5018 2002 5076 faciam

425 5087 668 5144 domum.
696 5092 832 5160 Quid
869 5108 953 5151 est
983 5139 1000 5163 ,
1037 5098 1168 5154 Mihi
1209 5100 1397 5158 faciam
1439 5105 1703 5161 domum?
1731 5108 1786 5163 ld
1813 5120 1915 5174 est,
1948 5112 2003 5168 ln

427 5178 677 5237 libertate
716 5194 900 5254 postea
944 5203 1150 5257 verser,
1182 5202 1236 5248 et
1274 5208 1458 5250 curam
1506 5196 1699 5252 domus
1739 5215 1873 5255 mea),
1911 5201 2007 5255 ha-

429 5272 607 5327 beam.
643 5275 768 5330 Hatc
793 5287 850 5333 ut
879 5280 1082 5335 audivit
1111 5282 1314 5352 Laban,
1346 5285 1434 5341 3i.
1464 5286 1611 5343 Dixit
1632 5292 1678 5345 ei
1707 5307 1727 5345 :
1755 5291 1888 5359 Quid
1919 5293 2006 5347 tibi

428 5365 555 5419 dabo
572 5366 599 5420 .’
624 5368 762 5436 Quid
792 5371 873 5426 vis
892 5388 920 5427 a
940 5389 1026 5429 me
1057 5376 1154 5430 tibi
1184 5377 1335 5433 dari?
1358 5380 1628 5437 Conﬁteor
1652 5385 1816 5450 cnim,
1846 5395 1900 5441 et
1926 5388 2007 5443 in-

432 5456 579 5513 ﬁcias
605 5474 713 5514 non
753 5476 819 5516 eo
848 5478 861 5516 :
890 5464 1003 5518 scio
1029 5469 1170 5521 enim
1213 5483 1407 5539 quanta
1442 5472 1569 5528 mihi
1601 5474 1799 5529 fuerint
1835 5492 1865 5530 a
1896 5478 2007 5533 Deo

432 5546 575 5616 data,
605 5559 658 5605 et
707 5553 849 5621 quod
903 5555 1237 5614 benedixerit
1286 5577 1372 5618 me
1409 5563 1550 5620 Deus
1591 5564 1657 5620 ad
1706 5566 2005 5638 ingressum

496 5711 514 5743 ⁸
546 5718 755 5772 Quatuor
777 5723 903 5779 Msa,
927 5732 1035 5781 qua
1061 5721 1146 5775 tibi
1168 5722 1404 5775 dederim.

1137 287 1189 343 s.
1233 286 1508 343 JOANNIS
1542 281 2017 341 cunvsos'rout
2056 284 2371 343 ARCIIIEP.
2410 287 2936 348 CONS’I'ANTINOP.
3601 292 3675 349 εις

2071 411 2241 458 tuum.
2268 405 2411 459 Dixit
2440 420 2609 463 autem
2651 413 2698 463 ei
2739 411 2901 465 Iacob
2929 429 2950 466 :
2984 410 3107 467 Non
3159 410 3327 466 dabis
3384 411 3522 463 mihi

2068 509 2243 561 quam.
2268 495 2329 550 Si
2350 512 2465 551 vero
2487 498 2663 566 feceris
2680 501 2880 554 verbum
2906 503 3077 569 istud,
3108 504 3307 557 iterum
3339 517 3568 571 postea
3593 520 3681 557 στιι

2066 595 2200 640 tuas.
2224 587 2360 641 Nihil
2392 590 2514 644 volo
2538 608 2567 644 a
2598 601 2650 647 te
2678 594 2938 650 mercedis
2968 596 3197 651 nomine
3230 603 3576 663 reportare.
3605 610 3676 650 δαῖέ

2068 676 2173 732 hoc
2219 686 2422 733 tantum
2480 682 2621 749 quod
2674 683 2795 738 dico
2840 687 3152 756 suscipere,
3186 697 3250 741 et
3281 684 3505 738 Iterum
3552 704 3671 751 pay:

2070 782 2183 820 oves
2212 778 2345 823 tuas.
2371 769 2524 834 Quod
2570 782 2752 827 autem
2800 775 2951 840 volo,
2985 775 3088 830 hoc
3117 786 3231 831 est.
3271 775 3432 829 Vide
3475 775 3675 843 justum,

2067 859 2191 927 quia
2217 863 2453 928 speravit
2480 861 2531 915 in
2563 864 2767 917 auxilio
2797 864 3011 930 divino,
3040 868 3226 935 qualia
3263 877 3563 934 proponat
3606 866 3673 919 Li-

2066 950 2228 1005 hanc.
2254 952 2342 1005 52.
2381 953 2692 1009 Prtetereant
2712 998 2728 1022 ,
2760 958 2965 1027 inquit,
3013 972 3128 1012 oves
3155 969 3268 1011 tute
3320 959 3515 1021 hodie,
3540 969 3589 1011 α
3622 979 3673 1012 εν-

2068 1059 2222 1112 grega
2255 1045 2396 1097 illinc
2425 1062 2621 1099 onmem
2649 1064 2790 1101 ovem
2839 1050 3034 1116 fuscam
3076 1050 3131 1101 in
3189 1049 3359 1118 agnis
3385 1088 3403 1113 ,
3438 1059 3493 1101 et
3537 1066 3671 1103 cura

2068 1136 2389 1189 subalbicans
2430 1147 2474 1189 et
2518 1140 2775 1193 maculosa
2814 1140 2866 1193 in
2917 1141 3084 1209 capris
3125 1141 3228 1192 erit
3287 1140 3438 1191 mihi
3493 1157 3673 1194 merce;

2070 1226 2159 1281 55.
2190 1226 2258 1280 Ει
2286 1228 2523 1303 exaudiet
2547 1245 2624 1281 me
2637 1230 2841 1300 justitia
2871 1246 2979 1283 mea
3003 1231 3055 1283 in
3077 1231 3161 1284 die
3191 1231 3474 1293 crastino,
3494 1232 3611 1299 quia
3630 1246 3677 1283 ex

2070 1335 2259 1374 merces
2279 1337 2389 1373 utea
2405 1337 2576 1374 coram
2608 1331 2655 1376 te
2677 1339 2695 1373 .'
2718 1339 2865 1375 omne
2893 1323 3028 1392 quod
3048 1340 3150 1376 non
3176 1325 3353 1394 fuerit
3380 1325 3679 1377 maculam:

2071 1421 2116 1465 et
2143 1414 2278 1467 varie
2297 1414 2522 1467 albicans
2550 1416 2603 1467 in
2628 1416 2818 1486 capris,
2836 1426 2881 1469 et
2904 1416 3037 1485 quod
3066 1417 3251 1485 rufum
3270 1418 3331 1469 in
3362 1418 3553 1487 agnis,
3574 1422 3677 1485 ίαν

2072 1504 2327 1559 sublatum
2356 1506 2448 1559 erit
2472 1523 2503 1559 a
2528 1523 2627 1560 me.

2141 1596 2197 1650 2,
2242 1598 2526 1653 Considera
2566 1599 2690 1668 justi
2748 1601 3100 1669 prudentiam.
3151 1604 3452 1671 Quoniam
3494 1605 3671 1659 sciebzt

2074 1697 2269 1758 quanta
2294 1689 2394 1743 sibi
2417 1703 2647 1759 superne
2669 1692 2836 1761 gratia
2861 1692 3157 1763 aﬂ‘ulgeret,
3174 1704 3239 1749 et
3265 1694 3579 1749 videbatur
3601 1700 3674 1749 sibi

2074 1782 2369 1837 secundum
2395 1794 2599 1839 natura:
2621 1786 2863 1840 ordinem
2892 1788 2975 1841 vel
2998 1788 3229 1843 difﬁcile
3262 1804 3403 1843 esse
3430 1832 3445 1853 ,
3482 1790 3569 1843 vel
3592 1805 3681 1841 om.

2077 1873 2206 1926 nino
2232 1872 2565 1943 impossibile
2593 1879 2793 1942 (rarum
2828 1876 2972 1930 enim
2997 1886 3079 1931 est
3107 1878 3338 1931 varium
3392 1892 3526 1931 esse
3560 1880 3681 1932 cole-

2076 1977 2189 2016 rem
2213 1963 2472 2031 pecudum
2494 1978 2684 2019 recens
2713 1964 3003 2039 natarum),
3026 1966 3140 2022 haec
3167 1969 3319 2037 petit
3351 1969 3428 2021 ab
3461 1984 3551 2032 eo,
3572 1974 3681 2022 unde

2079 2053 2320 2122 petitioni
2347 2053 2463 2122 ejus
2491 2053 2670 2108 Laban
2701 2056 2878 2109 statim
2916 2057 3123 2122 annuit,
3156 2069 3217 2112 et
3250 2059 3450 2127 inquit
3478 2075 3494 2109 :
3521 2060 3603 2111 54.
3625 2063 3684 2113 Si:

2073 2144 2228 2215 juxta
2256 2147 2460 2199 verbum
2484 2158 2644 2200 tuum.
2668 2147 2757 2203 55.
2788 2147 2853 2200 Et
2879 2148 3045 2202 divisit
3064 2151 3120 2202 in
3145 2151 3235 2203 die
3261 2150 3369 2204 illa
3404 2152 3578 2203 hircos
3603 2170 3681 2202 lat-

2082 2234 2279 2289 culosos
2307 2246 2351 2289 et
2373 2236 2741 2292 subalbicantes
2761 2280 2777 2305 ,
2808 2249 2855 2292 et
2882 2256 3053 2294 omnes
3086 2257 3281 2309 capras
3318 2243 3617 2295 maculosa:
3648 2256 3679 2295 ε

2083 2325 2469 2392 subalbicantes,
2498 2337 2543 2381 et
2576 2344 2724 2383 omne
2765 2331 2899 2398 quod
2940 2340 3044 2384 erat
3077 2333 3132 2384 in
3176 2332 3259 2384 eis
3307 2333 3629 2396 candidam,
3652 2348 3679 2384 st

2086 2432 2233 2471 autne
2252 2420 2387 2488 quod
2407 2428 2512 2473 erat
2548 2422 2747 2490 fuscum
2783 2422 2834 2474 in
2873 2422 3064 2487 ovibus,
3086 2433 3132 2476 et
3161 2423 3313 2476 dedit
3362 2441 3467 2490 per
3509 2442 3677 2477 manu

2089 2509 2311 2578 ﬁliorum
2334 2526 2540 2564 suorum
2568 2527 2586 2565 .'
2615 2512 2702 2568 36.
2724 2523 2770 2567 et
2799 2514 2913 2585 fecit
2929 2515 3115 2567 distare
3142 2516 3281 2569 viam
3315 2518 3490 2569 trium
3520 2518 3677 2570 diem

2089 2599 2219 2654 inter
2243 2617 2302 2654 ea
2323 2610 2368 2654 et
2394 2602 2523 2656 inter
2545 2600 2726 2657 Iacob.
2750 2602 3047 2673 Separavrt,
3067 2604 3263 2671 inquit,
3285 2621 3502 2676 greges
3524 2622 3676 2660 seem-

2091 2691 2217 2746 dum
2247 2694 2660 2762 propositionem
2689 2695 2855 2750 Iacob
2879 2737 2893 2759 ,
2927 2705 2983 2750 et
3008 2696 3155 2751 dedit
3183 2699 3319 2751 ﬁliis
3354 2704 3480 2753 suis
3506 2718 3523 2752 :
3550 2699 3675 2752 tam

2094 2794 2260 2838 autem
2300 2787 2435 2855 pavit
2481 2788 2695 2857 pecudes
2719 2787 2893 2842 Laban
2920 2788 3159 2858 reliquas.
3193 2789 3545 2856 Qualesnam
3586 2796 3674 2845 ha‘

2094 2876 2304 2931 Nullam
2336 2878 2540 2933 scilicet
2583 2878 2840 2935 habentes
2870 2881 3067 2935 coloris
3092 2881 3452 2936 varietatem.
3476 2882 3585 2935 Hoc
3610 2898 3675 2933 aa-

2097 2976 2203 3023 tem
2253 2978 2420 3024 totum
2461 2969 2654 3026 factum
2706 2982 2809 3039 est,
2839 2982 2897 3026 ut
2937 2973 3111 3042 justus
3133 2974 3319 3043 reipsa
3370 2982 3672 3043 compertae

2098 3059 2319 3115 haberet
2350 3061 2441 3116 Dei
2469 3076 2595 3132 erga
2627 3076 2685 3117 se
2727 3062 3113 3132 providentiam
3137 3106 3152 3129 ,
3182 3075 3241 3118 et
3276 3064 3475 3119 Laban
3506 3064 3675 3118 videret

2098 3162 2351 3220 quantum
2379 3152 2472 3206 Dei
2513 3154 2764 3208 auxilium
2795 3153 3015 3209 haberet
3038 3156 3223 3209 Jacob.
3244 3157 3342 3211 '57.
3375 3157 3587 3224 Accepit
3604 3174 3673 3206 αιο

2101 3251 2198 3295 tem
2224 3242 2409 3309 Iacob,
2444 3243 2633 3313 inquit,
2657 3245 2750 3297 sibi
2806 3247 2992 3316 virgam
3042 3249 3361 3316 styracinam
3402 3248 3609 3301 viridem
3644 3258 3675 3297 et

2098 3333 2476 3404 amygdalinam
2498 3345 2543 3389 et
2571 3336 2783 3405 platani,
2816 3347 2860 3389 et
2882 3337 3203 3391 decorticavit
3229 3336 3406 3391 Iacob
3434 3355 3523 3391 eas
3543 3339 3590 3390 in
3612 3342 3675 3391 dc-

2098 3424 2472 3477 corticationent
2505 3425 2670 3479 albam
2696 3467 2710 3489 ,
2741 3428 2988 3482 abradens
3004 3427 3139 3497 quod
3181 3428 3352 3481 viride
3375 3445 3399 3491 ,'
3423 3432 3675 3497 apparebat

2100 3522 2267 3567 autem
2288 3514 2337 3567 in
2366 3516 2517 3585 virgis
2538 3518 2727 3577 album,
2755 3517 2890 3590 quod
2915 3520 3246 3572 decorticarat
3271 3522 3499 3574 varium.
3519 3518 3673 3575 38.13

2100 3604 2339 3674 apposuit
2364 3607 2550 3678 virgas,
2569 3626 2695 3676 quas
2713 3606 3051 3675 decorticavit,
3073 3610 3127 3663 in
3147 3611 3359 3664 canales
3383 3614 3673 3680 aquator-ias,

2101 3709 2157 3752 ut
2182 3715 2294 3752 cum
2320 3701 2538 3752 venirent
2561 3702 2773 3769 pecudes
2793 3700 2860 3753 ad
2889 3700 3174 3765 bibendum,
3200 3703 3536 3773 conciperent
3553 3720 3676 3772 pec:-

2102 3790 2188 3844 des
2224 3792 2498 3845 secundum
2526 3793 2711 3862 virgas.
2752 3791 2841 3847 39.
2873 3791 2938 3845 Et
2977 3793 3328 3862 concipit-bant
3369 3798 3588 3862 pecudes
3608 3812 3674 3847 se-

2100 3882 2321 3936 cundum
2348 3883 2513 3952 virgas
2533 3924 2547 3948 ,
2579 3893 2624 3936 et
2658 3893 2955 3952 pepererunt
2981 3883 3191 3952 pecudes
3210 3883 3491 3947 subalbas,
3524 3901 3675 3937 maci-

2102 3978 2236 4031 losas
2277 3986 2323 4030 et
2353 3977 2586 4031 cinericio
2626 3975 2794 4030 colore
2847 3992 3072 4045 sparsas.
3106 3979 3229 4030 lltec
3274 3975 3491 4031 faciens
3526 3977 3675 4045 justas

2105 4083 2209 4123 non
2246 4082 2276 4121 a
2305 4069 2483 4138 seipso
2531 4068 2864 4133 movebatur,
2896 4068 2991 4122 sed
3020 4066 3316 4137 inspirante
3368 4069 3545 4121 menti
3584 4070 3675 4135 ejus

2104 4172 2335 4226 superna
2384 4157 2573 4227 gratia.
2622 4155 2806 4225 Neque
2844 4155 3137 4210 secundum
3183 4166 3396 4210 natura;
3450 4157 3673 4211 ordinem

2103 4260 2221 4305 erat
2249 4250 2389 4320 quod
2420 4248 2613 4314 ﬁebat,
2660 4250 2757 4304 sed
2804 4249 2957 4303 valde
3000 4247 3350 4313 admirabile,
3387 4259 3443 4303 et
3494 4258 3671 4302 natura

2105 4340 2320 4395 modum
2352 4340 2752 4396 transcenderis.
2784 4339 2873 4394 40.
2906 4338 2971 4391 Et
2991 4354 3169 4410 agnos,
3196 4338 3406 4408 inquit,
3438 4341 3672 4405 distinxit,

2105 4446 2153 4487 et
2176 4434 2349 4486 statuit
2377 4448 2548 4485 coram
2573 4432 2744 4485 ovibus
2785 4431 2995 4484 arietem
3027 4429 3424 4485 subalbicantem
3437 4446 3461 4494 ;
3482 4441 3531 4484 et
3554 4448 3673 4484 ants:

2104 4527 2299 4580 varium
2324 4525 2378 4577 in
2405 4525 2577 4578 ovibus
2602 4538 2619 4577 :
2643 4532 2692 4576 et
2709 4522 2959 4591 separavit
2987 4537 3100 4577 oves
3126 4538 3266 4587 suas,
3292 4532 3343 4575 et
3365 4538 3470 4575 non
3502 4525 3672 4576 mium:

2106 4635 2190 4673 eas
2210 4636 2323 4672 cum
2352 4618 2522 4672 ovibus
2548 4616 2741 4670 Laban.
2766 4615 2956 4671 Postea
2985 4615 3106 4686 quia
3136 4614 3317 4670 omnia
3343 4628 3470 4684 qua:
3502 4630 3667 4669 nasce-

2108 4713 2320 4774 bantur,
2349 4719 2505 4765 erant
2533 4710 2654 4764 talia
2682 4708 2857 4779 qualia
2884 4707 3179 4779 proposuit,
3210 4708 3486 4776 separavit
3510 4723 3569 4762 ea
3594 4749 3609 4768 ,
3632 4718 3673 4759 et

2108 4803 2234 4858 fecit
2262 4802 2362 4856 sibi
2400 4815 2590 4870 greges
2631 4806 2924 4869 separatos.
2966 4798 3056 4852 41.
3079 4794 3298 4850 Factum
3334 4807 3411 4850 est
3439 4808 3608 4851 autem
3634 4799 3673 4848 in

2109 4905 2329 4964 tempore
2353 4910 2452 4965 quo
2479 4893 2766 4961 concipiunt
2787 4907 2900 4945 oves
2927 4890 3151 4961 gravida:
3169 4930 3185 4955 ,
3218 4890 3388 4958 posuit
3405 4888 3566 4943 Iacob
3589 4891 3673 4943 vir.

2109 5003 2226 5057 gant
2246 5002 2415 5040 coram
2441 4986 2613 5038 ovibus
2632 4985 2683 5037 in
2703 4982 2980 5047 canalibus,
3001 4990 3055 5034 ut
3077 4981 3397 5051 conciperent
3414 4982 3570 5051 juxta
3590 4984 3673 5034 vir-

2113 5093 2225 5149 gas.
2256 5076 2345 5131 42.
2378 5074 2595 5141 Quando
2633 5083 2798 5128 autem
2837 5070 3095 5142 pariebant
3123 5087 3273 5137 oves,
3312 5086 3420 5124 non
3457 5073 3667 5141 ponebat.

2112 5168 2275 5222 Facta
2298 5179 2467 5221 autem
2492 5174 2607 5220 sunt
2635 5181 2737 5218 non
2763 5165 2960 5235 signata
2984 5161 3184 5226 Laban,
3214 5162 3418 5231 signata
3450 5178 3564 5216 vero
3585 5160 3663 5215 Ie-

2110 5261 2198 5316 cob
2222 5278 2241 5327 ;
2268 5261 2356 5315 43.
2382 5271 2426 5313 et
2447 5259 2634 5312 ditatus
2659 5266 2730 5311 est
2756 5258 2904 5310 homo
2922 5256 3068 5311 valde
3094 5255 3261 5308 valde.
3288 5253 3428 5324 Quid
3458 5256 3567 5310 vult
3586 5256 3667 5309 sibi

2111 5354 2201 5408 illa
2257 5350 2542 5421 repetitio?
2570 5348 2962 5403 Abundantiam
3025 5346 3247 5401 multam
3304 5345 3660 5416 signiﬁcatus

2112 5460 2232 5500 eum
2276 5458 2380 5498 non
2414 5442 2574 5496 modo
2621 5441 2866 5506 ditatum,
2895 5439 2987 5494 sed
3036 5449 3087 5495 et
3137 5438 3426 5494 admodum
3471 5441 3662 5495 ditatum

2112 5534 2297 5589 fuisse.
2330 5530 2561 5585 Fuerunt
2590 5532 2730 5585 enim
2758 5531 2832 5595 ei,
2863 5529 3049 5599 inquit,
3082 5545 3263 5599 pecora
3294 5529 3456 5583 multa
3486 5542 3532 5584 et
3552 5535 3661 5584 beta:

2113 5638 2157 5680 et
2183 5624 2310 5679 servi
2333 5634 2382 5678 et
2407 5624 2627 5678 ancillw.
2654 5620 2762 5677 Sed
2797 5620 2917 5676 vide
2942 5620 3028 5675 hic
3055 5619 3243 5675 iterum
3267 5620 3414 5688 justo
3444 5622 3659 5677 invidiam

2119 5716 2285 5775 nasci.
2318 5717 2369 5771 1.
2401 5716 2603 5769 Audiuit
2641 5728 2784 5770 enim
2804 5747 2821 5782 ,
2849 5713 3052 5784 inquit,
3080 5712 3225 5766 verba
3250 5711 3485 5780 ﬁliorum
3524 5714 3661 5770 Lahm
