3730 6254
26 268 130 321 197

20 378 342 432 dicentium:
376 358 573 443 Accepit
601 371 759 425 Jacob
788 368 953 423 onmia
971 382 1080 437 quat
1095 374 1208 417 sunt
1236 360 1392 431 patris
1423 356 1602 412 nastri,

20 481 69 522 et
100 485 170 522 ex
206 470 283 521 his
312 483 424 536 ante
455 478 571 519 sunt
598 463 754 534 patris
783 460 938 516 nostri
969 459 1083 527 {ecit
1112 471 1307 510 omnem
1335 454 1463 505 hanc
1491 452 1599 519 glo-

20 563 158 611 riam
206 557 368 628 (Cap.
394 556 506 627 51).
545 556 675 610 Vide
702 550 967 623 quomodo
998 547 1189 603 invidia
1221 545 1455 613 ingratos
1491 542 1608 594 illos

23 650 299 710 reddidit;
330 663 435 702 non
462 646 579 700 illos
598 655 774 698 autem
802 641 971 695 solum
993 680 1009 705 ,
1040 638 1132 692 sed
1161 646 1213 691 et
1235 638 1405 704 ipsum
1434 631 1606 685 Laba-

23 756 184 793 nttut.
224 739 358 793 Vidit
388 739 551 803 enim,
581 736 769 804 inquit,
795 733 955 787 Jacob
979 730 1157 799 faciem
1183 726 1354 780 Laban
1373 765 1387 787 ,
1421 733 1467 777 et
1500 737 1611 776 erce

24 848 132 883 non
162 840 271 885 erat
300 846 416 899 erga
444 844 497 882 se
521 827 648 881 sicut
679 825 782 878 heri
806 835 854 877 et
881 814 1438 875 nudiustertius.Verba
1467 812 1609 867 enim

28 922 266 974 filiorum
290 920 426 973 illius
452 926 683 973 mentem
711 916 824 984 ejus
852 914 1206 971 turbaverant,
1228 906 1611 962 etoblivioncm

31 1009 360 1063 induxerant
390 1021 572 1061 eorum
601 1021 719 1075 quas
759 1003 962 1073 pridem
990 1000 1169 1055 Laban
1197 998 1403 1052 dixerat
1431 994 1495 1048 ad
1525 993 1613 1047 Ja-

29 1100 134 1154 cUb
165 1098 249 1153 his
280 1097 453 1152 verbis
480 1112 493 1147 :
524 1095 783 1149 Benediasit
811 1109 887 1145 me
916 1090 1051 1145 Deus
1077 1089 1143 1142 ad
1171 1090 1447 1156 ingressum
1473 1094 1614 1137 tuum

34 1190 192 1259 (Gen.
223 1189 311 1244 50.
340 1189 453 1257 2'7),
477 1196 530 1241 et
548 1187 746 1255 gratias
770 1192 950 1254 egerat
972 1182 1215 1243 Domino,
1237 1178 1376 1249 quod
1399 1184 1615 1246 propter

32 1282 327 1335 adventum
363 1278 493 1348 justi
530 1277 804 1330 facultates
842 1290 950 1329 sua:
989 1282 1155 1327 aut-tre
1195 1271 1438 1324 fuerant:
1474 1282 1616 1322 nunc

36 1379 246 1425 mutato
287 1384 379 1438 per
407 1367 630 1420 ﬁliorum
663 1366 801 1419 dicta
850 1365 1026 1418 animo
1057 1372 1111 1418 et
1140 1361 1331 1415 invidia
1364 1359 1609 1429 flagrans,

40 1462 177 1514 forte
204 1459 329 1529 quia
353 1458 563 1512 videbat
590 1456 788 1525 justum
812 1456 962 1509 valde
990 1454 1259 1507 abundare
1277 1494 1291 1518 ,
1326 1467 1426 1504 non
1459 1452 1614 1504 talem

38 1567 97 1604 se
129 1552 206 1605 illi
233 1549 555 1611 exhibebat,
580 1548 788 1617 qualem
818 1557 993 1601 antea.
1040 1546 1172 1598 Vidit
1202 1546 1341 1598 enim
1364 1584 1379 1609 ,
1413 1544 1611 1612 inquit,

37 1642 200 1694 Jacob
231 1640 413 1709 faciem
436 1638 608 1692 Laban
629 1679 643 1701 ,
666 1649 712 1691 et
737 1654 848 1690 ecce
868 1653 967 1690 non
992 1646 1096 1689 erat
1121 1653 1241 1704 erga
1267 1652 1320 1687 se
1344 1636 1470 1687 sicut
1510 1634 1616 1686 heri

39 1742 84 1783 ct
116 1729 693 1784 uudiustertius.Vidisti
719 1729 844 1797 justi
872 1743 1111 1797 magnam
1137 1726 1614 1790 mansuetudinem,

42 1834 93 1875 et
123 1823 334 1875 illorutn
364 1821 621 1889 ingratum
645 1822 877 1873 animum
900 1860 912 1882 ,
949 1834 1010 1872 ac
1034 1818 1301 1887 quomodo
1331 1832 1451 1871 cum
1478 1816 1615 1869 invi-

42 1912 182 1963 diam
214 1909 356 1964 ferre
395 1925 501 1963 non
534 1916 769 1978 possent,
804 1910 964 1977 patris
1009 1916 1236 1961 mentem
1267 1907 1616 1977 perturbave-

46 2002 207 2053 runt?
233 1998 386 2063 Vide,
411 2000 630 2053 obsecro
656 2040 669 2060 ,
698 2013 838 2052 nunc
862 2010 915 2053 et
945 1999 1034 2051 Dei
1066 1998 1384 2053 inell'abilem
1411 1999 1620 2052 miseri-

44 2091 302 2152 cordiam,
339 2100 392 2144 et
411 2099 609 2161 quanta
635 2090 1074 2160 attemperatione
1101 2098 1274 2144 utatur
1293 2131 1305 2154 ,
1330 2105 1448 2145 cum
1479 2089 1621 2144 videt

48 2201 142 2237 nos
174 2200 292 2254 qua:
314 2195 494 2237 nostra
519 2192 641 2236 sunt
673 2182 869 2236 facere.
905 2182 1101 2235 Videtis
1135 2182 1277 2236 enim
1317 2182 1515 2251 justum
1554 2181 1621 2235 ab

50 2275 148 2326 illis
176 2274 301 2326 odio
330 2272 534 2337 haberi,
566 2271 694 2326 dicit
721 2272 784 2325 ad
811 2270 972 2326 lacob
1001 2289 1011 2324 :
1043 2272 1095 2324 5.
1126 2268 1388 2325 Revertere
1426 2272 1479 2323 in
1515 2280 1619 2323 τεν-η

47 2382 154 2417 ram
203 2376 405 2432 patrum
433 2373 654 2427 tuorum,
685 2372 731 2417 et
769 2363 837 2416 ad
865 2364 1233 2434 generationem
1262 2374 1430 2429 luant,
1464 2371 1509 2415 et
1534 2378 1618 2415 ero

50 2468 228 2512 tecum.
259 2457 399 2510 Satis
421 2455 511 2508 diu
550 2465 788 2509 versatus
816 2470 903 2519 es,
943 2455 1145 2525 inquit,
1170 2455 1220 2509 in
1255 2464 1392 2510 terra
1422 2438 1617 2507 aliena.

49 2548 175 2602 Nam
203 2564 320 2617 qua:
351 2549 552 2617 pridem
583 2549 672 2602 tibi
703 2548 937 2616 promisi,
966 2548 1146 2602 dicens
1166 2589 1180 2611 ,
1220 2546 1471 2600 Reducam
1496 2558 1541 2600 te
1569 2547 1620 2599 in

52 2652 231 2692 terram
268 2650 406 2693 tuam
434 2639 586 2711 (Gen.
618 2639 709 2694 28.
738 2641 858 2707 15),
902 2655 962 2693 ea
1010 2654 1149 2692 nunc
1193 2653 1355 2707 opere
1401 2637 1621 2707 implere

49 2731 168 2786 volo
195 2752 207 2787 :
234 2741 505 2787 revertere
554 2733 712 2801 igitur
755 2730 883 2784 nihil
931 2731 1126 2785 timens
1153 2746 1166 2794 ;
1197 2728 1307 2799 Ego
1354 2730 1494 2784 enitu
1536 2744 1621 2782 ero

53 2835 227 2878 tecum.
265 2824 334 2878 Ut
362 2824 517 2892 igitur
550 2823 723 2892 justus
764 2822 973 2891 segnior
1013 2836 1117 2874 non
1164 2820 1253 2874 fiat
1308 2822 1358 2873 in
1415 2820 1623 2889 prolici-

51 2914 277 2980 sceudo,
307 2915 398 2968 sed
441 2928 628 2982 magna
663 2912 851 2967 ﬁducia
892 2911 991 2965 iter
1030 2912 1283 2980 arripiat:
1318 2911 1435 2965 ideo
1461 2911 1617 2975 dicit,

56 3008 160 3077 Ego
192 3024 273 3060 ero
306 3016 517 3060 tecum:
545 3005 635 3075 qui
674 3005 944 3075 hucusque
975 3021 1059 3060 res
1090 3016 1205 3061 tuas
1234 3004 1541 3075 gubernavi,
1569 3013 1623 3057 et

54 3100 230 3169 augeri
257 3098 439 3152 curavi
478 3111 661 3151 semen
694 3105 838 3150 tuum
863 3135 879 3162 ,
910 3110 1009 3166 ego
1040 3105 1092 3149 et
1120 3096 1173 3149 in
1204 3106 1471 3165 posterum
1517 3094 1623 3149 Ero

56 3201 228 3244 tecum.
263 3189 389 3243 llaac
415 3198 471 3243 ut
495 3188 692 3242 audivit
726 3188 900 3257 justus
926 3204 953 3239 a
984 3188 1093 3242 Deo
1114 3227 1128 3251 ,
1158 3203 1261 3241 non
1303 3186 1401 3241 fuit
1448 3187 1618 3256 negli-

53 3296 196 3348 gens,
221 3280 311 3334 sed
337 3279 405 3333 ad
434 3279 534 3333 iter
561 3293 620 3333 se
645 3279 892 3333 accinxit.
917 3278 970 3333 4.
1002 3278 1144 3331 Misit
1170 3279 1321 3341 enim,
1360 3278 1547 3348 inquit,
1576 3287 1622 3331 et

55 3373 232 3423 vocavit
261 3370 409 3423 Liam
437 3380 484 3423 et
514 3369 703 3424 Rachel
735 3371 786 3423 in
817 3387 1049 3440 campum
1074 3370 1157 3423 ubi
1183 3381 1325 3423 erant
1351 3387 1547 3441 greges,
1574 3380 1620 3423 et

56 3463 174 3514 dixit
200 3464 289 3516 eis.
322 3463 626 3531 f‘roponere
656 3462 765 3515 vult
797 3462 1105 3516 mulieribus
1144 3460 1482 3530 profectionis
1523 3478 1620 3517 ne-

56 3557 244 3619 gotium
267 3595 280 3616 ,
312 3562 365 3607 et
407 3552 705 3621 significare
733 3553 811 3607 eis
856 3553 1159 3611 mandatum
1190 3552 1281 3606 Dei
1306 3594 1319 3615 ,
1361 3562 1415 3607 et
1458 3554 1623 3622 patris

56 3658 171 3711 erga
195 3658 248 3697 se
278 3645 483 3697 odium.
503 3645 554 3698 5.
592 3644 730 3696 Dixit
760 3644 899 3697 enim
922 3685 935 3707 ,
969 3644 1167 3711 inquit,
1197 3644 1267 3696 eis
1294 3658 1313 3695 :
1352 3642 1507 3695 Video
1532 3659 1621 3712 ego

60 3737 228 3798 faciem
260 3737 416 3805 patris
442 3736 606 3798 vestri,
626 3736 760 3805 quod
791 3751 888 3787 non
918 3734 981 3787 sit
1014 3751 1130 3804 erga
1174 3750 1251 3787 me
1279 3735 1405 3787 sicut
1438 3734 1542 3786 heri
1575 3743 1617 3785 et

58 3825 409 3879 nudiustertius
437 3840 457 3879 :
482 3824 617 3879 Deus
660 3836 824 3877 autent
872 3825 1029 3893 patris
1062 3827 1155 3877 mei
1203 3825 1298 3895 fuit
1328 3840 1537 3877 mecum.
1564 3823 1617 3877 6.

60 3914 186 3983 Ipsa:
225 3928 388 3971 autent
410 3919 569 3984 scitis,
592 3919 724 3987 quod
756 3920 932 3971 servivi
979 3920 1111 3988 patri
1154 3928 1313 3973 vestro
1352 3934 1444 3989 pro
1483 3920 1618 3972 omni

58 4008 178 4059 virili
208 4025 334 4062 mea.
378 4010 431 4061 7.
475 4008 629 4062 Pater
670 4019 835 4063 autem
873 4022 1032 4063 vester
1072 4010 1393 4064 circumvenit
1426 4026 1538 4075 me,
1573 4020 1621 4063 et

57 4099 248 4150 mutavit
279 4101 553 4154 mercedem
579 4116 739 4153 meam
765 4100 937 4153 decem
968 4103 1111 4173 agnis
1145 4102 1181 4166 ¹,
1213 4111 1258 4153 et
1288 4118 1387 4155 non
1414 4102 1548 4154 dedit
1574 4101 1621 4153 ei

59 4188 184 4265 Deus
232 4201 286 4243 ut
338 4208 417 4244 me
465 4192 716 4262 afﬂigeret.
756 4191 809 4246 8.
846 4191 905 4244 Et
942 4209 1057 4245 cum
1095 4194 1165 4246 sic
1202 4194 1385 4247 diceret
1417 4208 1434 4245 .'
1464 4192 1619 4246 Varia

57 4291 188 4332 erunt
220 4298 400 4337 merces
432 4293 518 4335 tua
548 4299 567 4336 :
597 4293 642 4336 et
667 4284 924 4349 pariebant
950 4301 1119 4338 omnes
1146 4301 1258 4338 oves
1300 4286 1458 4339 varia.
1490 4284 1618 4339 Cum

58 4381 210 4421 (uitem
240 4373 422 4426 diceret
450 4390 468 4427 :
496 4373 727 4427 Candida
748 4384 892 4427 erunt
926 4392 1110 4429 merces
1142 4386 1225 4428 tua
1249 4392 1266 4429 :
1290 4388 1333 4430 et
1357 4377 1617 4447 pariebant

56 4480 212 4517 omnes
234 4483 343 4520 oves
368 4467 590 4521 candida
612 4484 630 4521 :
660 4468 713 4523 9.
745 4479 790 4521 et
818 4468 929 4521 tulit
952 4467 1088 4521 Deus
1129 4470 1297 4521 omnia
1320 4485 1498 4538 pecora
1518 4488 1615 4539 pa-

55 4554 137 4606 tris
162 4560 321 4620 vestri,
353 4568 400 4612 et
423 4558 558 4611 dedit
578 4560 699 4611 milti
726 4575 802 4612 ea.

122 4648 152 4699 3
202 4647 330 4703 Vide
355 4648 625 4719 quomodo
654 4660 936 4720 utrumque
966 4651 1139 4712 docet.
1166 4660 1219 4706 et
1246 4653 1410 4718 patris
1439 4653 1615 4723 ingra-

60 4743 156 4787 tum
184 4753 298 4807 erga
324 4756 380 4795 se
410 4740 668 4808 animum,
691 4751 744 4795 et
772 4757 920 4797 suum
948 4742 1180 4797 studium
1209 4744 1346 4813 quod
1373 4748 1423 4797 in
1446 4745 1615 4798 servi-

60 4836 157 4881 tute
185 4830 491 4887 declaravit.
518 4833 671 4888 Scitis
700 4836 861 4899 cnim,
897 4837 1099 4906 inquit,
1128 4854 1207 4891 me
1231 4850 1322 4907 pro
1350 4837 1483 4889 virili
1505 4854 1614 4890 mea

59 4924 298 4977 servivisse
328 4927 459 4993 patri
490 4936 669 4980 vestro.
701 4927 766 4982 Et
786 4928 1075 4983 declaravit
1115 4940 1363 4999 quantam
1406 4931 1486 4984 sui
1516 4947 1611 4984 cu-

57 5021 156 5061 rant
192 5012 323 5068 Deus
360 5015 635 5080 habuerit,
670 5028 973 5075 monstrans
1020 5035 1309 5090 supernum
1356 5023 1610 5077 auxilium

57 5104 218 5155 omnia
248 5120 519 5175 operatum
562 5109 751 5174 fuisse,
795 5119 850 5164 et
894 5112 1171 5169 facultates
1211 5113 1409 5168 Labani
1452 5116 1502 5168 in
1551 5129 1611 5170 se

60 5197 391 5253 transtulisse.
427 5198 561 5253 Tulit
591 5201 732 5254 enim
764 5200 902 5256 Deus
930 5205 1099 5257 omnia
1127 5222 1309 5275 pecora
1335 5208 1495 5277 patris
1524 5225 1609 5261 ve-

58 5282 159 5343 εἰνὶ,
191 5283 371 5357 inquit,
400 5300 446 5343 et
475 5292 611 5345 dedit
642 5293 765 5346 mihi
791 5310 867 5347 ea.
907 5294 993 5349 10.
1022 5295 1237 5362 Quando
1261 5310 1426 5351 autem
1445 5301 1613 5353 conci-

114 5453 551 5549 t.littjlebr't_izo_est,
573 5475 713 5525 aut:
738 5477 918 5549 mare,
958 5484 1039 5533 ubi
1065 5485 1226 5549 aquila
1260 5488 1422 5549 vertit,
1446 5489 1611 5541 decem

59 5531 396 5613 taceat-aa
414 5537 583 5613 secem
858 5531 1609 5613 Simtn_:ictnﬁé{lteéié§3iu3izéi3;

59 5590 743 5676 ﬂir‘l‘lffgdeciesmlieronymus,
757 5590 1606 5676 debet;biitiiiiﬁiﬁé’iiiﬁiiiii’kif

60 5646 743 5722 Μειιτιιῑωιιρέιιιίιίίίἷᾶέῖἶῆἷ

1030 250 1090 304 IN
1131 248 1277 305 CAP.
1323 242 1511 298 XXXI.
1556 237 1799 295 GENES.
1845 238 2069 295 ll0.\fll..
2115 241 2263 295 LVII.

3184 242 3287 297 «198

1716 352 1912 423 piabunt
1940 371 2074 419 oves,
2102 367 2147 408 et
2175 356 2275 408 vidi
2302 356 2464 410 oculis
2486 356 2605 409 nnis
2633 359 2684 409 in
2713 372 2887 447 sgnum
2907 399 2921 418 ,
2945 368 2988 409 et
3016 372 3124 408 crte
3160 358 3285 409 hirci

1718 457 1762 497 et
1791 448 1969 500 arietes
2016 448 2346 501 ascendebant
2395 464 2545 515 super
2574 463 2685 502 oues
2728 458 2773 500 et
2815 464 3032 517 capras,
3062 448 3287 501 subalbi-

1718 550 1884 592 can'es
1931 551 1977 592 et
2026 542 2171 604 varii,
2195 550 2241 593 et
2284 540 2519 593 cinericio
2552 540 2719 594 colore
2736 540 2919 609 sparsi.
2954 539 3121 595 il.Et
3162 540 3291 594 dixit

1717 630 1838 681 mihi
1860 630 2066 700 angelus
2096 629 2189 683 Dei
2214 633 2264 684 in
2289 647 2463 684 somno
2485 645 2503 684 :
2522 628 2699 683 Iacob.
2712 629 2821 700 Ego
2842 640 3006 684 autent
3026 630 3246 683 dicebam
3269 644 3288 683 :

1722 724 1854 789 Quid
1879 724 1993 777 est?
2022 723 2087 775 Et
2118 724 2241 777 dixit
2269 739 2288 777 :
2316 723 2399 778 l2.
2432 725 2613 792 Aspice
2637 724 2796 776 oculis
2826 723 2943 788 tuis,
2973 733 3022 777 et
3050 722 3161 775 vide
3186 721 3292 773 Itir-

1717 834 1801 871 cos
1831 828 1873 870 et
1898 818 2076 870 arietes
2100 800 2427 870 ascendentes
2448 832 2597 884 super
2623 833 2801 885 capras
2822 826 2865 868 et
2894 831 3028 878 oves,
3057 814 3289 869 subalbos

1720 917 1765 960 et
1786 908 1982 972 varios,
2015 916 2058 959 et
2086 906 2317 958 cinericio
2350 906 2515 959 colore
2550 922 2754 973 sparsos
2782 921 2801 959 :
2826 905 2928 957 vidi
2978 905 3109 957 enim
3150 919 3285 973 qutt-

1719 1014 1927 1067 cumque
1953 995 2129 1050 Laban
2160 995 2245 1049 tibi
2284 995 2589 1067 facit.Vides
2609 1011 2767 1049 omne
2788 996 2927 1065 quod
2959 1004 3083 1049 tunc
3114 995 3288 1056 fiebat,

1720 1102 1946 1157 superna
1961 1088 2244 1157 contigisse
2262 1088 2587 1156 operatione,
2607 1103 2724 1155 qua:
2739 1087 2864 1156 justi
2887 1087 3095 1142 labores
3113 1101 3292 1142 remu-

1722 1179 2187 1235 nerabatur?Natu
2212 1180 2460 1248 quoniam
2484 1179 2571 1233 ille
2599 1179 2831 1246 ingratus
2856 1193 2979 1247 erga
3006 1194 3126 1231 eum
3155 1186 3291 1240 erat,

1723 1272 1981 1340 benignus
2012 1272 2265 1325 Dominus
2283 1270 2482 1338 justum
2521 1269 2747 1322 ubertim
2786 1277 3125 1323 retnunerat:
3167 1266 3283 1320 Vidi

1722 1364 1850 1417 enim
1875 1379 2197 1433 quazcumque
2222 1362 2395 1415 Laban
2425 1361 2513 1414 tibi
2533 1363 2668 1432 fecit.

1794 1454 1933 1508 Deus
1962 1470 2063 1507 non
2102 1454 2307 1523 despicit
2333 1470 2415 1507 eos
2454 1454 2540 1523 qui
2568 1454 2874 1507 calumniam
2922 1455 3199 1524 patiuntur.
3226 1480 3296 1493 ---

1724 1547 1858 1601 llinc
1884 1547 2136 1600 discimus
2167 1545 2461 1613 quomodo,
2498 1546 2710 1616 quando
2740 1547 2927 1616 injuria
2958 1546 3108 1599 nobis
3137 1546 3294 1600 infer~

1727 1647 1827 1702 tur,
1860 1639 1903 1692 si
1933 1639 2189 1692 mansueti
2218 1647 2269 1693 et
2294 1638 2454 1693 mites
2479 1654 2542 1693 ac
2566 1638 2851 1710 tolerantes
2877 1638 3148 1701 fuerimus,
3181 1652 3294 1690 ina-

1722 1728 1827 1798 jnri
1883 1738 1936 1783 et
1979 1728 2189 1797 largiori
2239 1728 2436 1783 auxilio
2487 1728 2667 1781 divino
2714 1727 2966 1781 fruamur.
3012 1727 3088 1782 Ne
3144 1727 3296 1796 igitur

1724 1821 2055 1875 obluctemur
2078 1820 2140 1873 iis
2160 1820 2247 1888 qui
2277 1834 2373 1873 nos
2397 1829 2665 1889 premunt,
2685 1830 2736 1873 et
2755 1817 3063 1872 calumniari
3092 1818 3296 1881 volunt,

1725 1910 1819 1965 sed
1864 1910 2098 1965 feramus
2144 1925 2436 1979 generose,
2469 1911 2698 1964 scientes
2740 1910 2975 1964 omnium
3018 1911 3296 1963 Dominum

1726 2016 1824 2057 nos
1872 2019 1974 2055 non
2021 2001 2395 2071 despecturum
2432 2012 2589 2066 esse,
2621 2000 2908 2055 dummodo
2953 2016 3051 2055 nos
3091 2012 3297 2069 gratum

1726 2094 1971 2149 allectum
1995 2104 2048 2148 et
2067 2092 2489 2148 benevolentiam
2515 2093 2958 2149 demonstremus.
2985 2093 3115 2147 Mihi
3135 2096 3295 2156 enim,

1727 2186 1923 2256 inquit,
1952 2187 2206 2248 vindicta;
2232 2202 2322 2256 ego
2364 2186 2654 2249 retribuam,
2683 2185 2804 2238 dicit
2844 2185 3092 2239 Dominus
3118 2185 3295 2252 (Rom.

1729 2276 1815 2331 l2.
1846 2278 1973 2331 lOet
1996 2278 2141 2330 Deut.
2165 2277 2250 2330 '52.
2271 2277 2383 2343 55).
2405 2276 2627 2343 Propter
2656 2278 2754 2330 hoc
2770 2286 2823 2330 et
2850 2275 3015 2331 Jacob
3044 2275 3251 2328 dicebat
3274 2293 3287 2328 ;

1729 2368 1849 2421 Non
1879 2368 2013 2421 dedit
2055 2368 2101 2420 ei
2159 2366 2312 2432 Deus,
2344 2376 2396 2420 ut
2439 2367 2670 2436 afﬂigeret
2720 2384 2814 2420 me.
2848 2366 2977 2420 Nam
3024 2367 3143 2436 quia
3189 2367 3301 2435 ipse

1727 2461 1937 2530 privare
1987 2474 2071 2514 me
2117 2458 2354 2513 laborum
2402 2459 2649 2513 mercede
2689 2458 2880 2521 voluit,
2912 2459 3162 2513 Dominus
3193 2467 3298 2511 tam

1727 2553 1941 2607 uberem
1981 2552 2032 2605 in
2086 2565 2174 2605 me
2220 2549 2507 2604 declaravit
2551 2549 2965 2603 miscricordiam
3013 2558 3067 2603 et
3118 2549 3289 2617 provi-

1726 2642 1981 2707 dentiam,
2011 2650 2064 2695 ut
2107 2641 2279 2694 omnis
2321 2640 2437 2709 ejus
2479 2640 2774 2693 substantia
2820 2640 2870 2692 in
2915 2654 3001 2693 me
3044 2638 3295 2692 translata

1727 2733 1905 2789 fuerit.
1935 2733 2119 2788 Sciens
2159 2732 2301 2786 enim
2334 2747 2419 2786 me
2447 2732 2589 2784 omni
2634 2730 2807 2785 studio
2836 2731 3113 2795 serviisse,
3153 2730 3294 2783 illum

1727 2835 1902 2895 autem
1954 2839 2059 2879 non
2120 2824 2463 2894 reSpondisse
2514 2822 2640 2876 mihi
2692 2821 2869 2876 officio
2915 2835 3049 2886 suo,
3100 2831 3295 2875 tantam

1730 2915 1897 2971 n0stri
1929 2916 2110 2969 habuit
2138 2930 2342 2969 curam.
2375 2915 2439 2968 Et
2468 2913 2608 2983 quod
2640 2928 2744 2967 non
2771 2912 2883 2965 hac
2908 2912 3106 2982 absque
3138 2928 3295 2967 causa

1728 3018 1782 3061 et
1812 3022 1944 3061 vane
1969 3007 2176 3073 dicam,
2204 3022 2375 3076 neque
2405 3016 2605 3061 temere
2646 3020 2912 3070 accusem,
2943 3006 3102 3059 etiam
3131 3004 3294 3058 Deum

1730 3098 1982 3153 habemus
2011 3107 2199 3152 testem
2232 3112 2415 3152 eorum
2457 3114 2575 3165 qua:
2626 3106 2775 3165 pater
2815 3105 2993 3149 vester
3017 3094 3125 3164 egit
3169 3109 3293 3164 erga

1726 3206 1832 3245 me.
1873 3190 1990 3245 Vidi
2029 3189 2180 3254 enim,
2205 3191 2406 3259 inquit,
2437 3204 2757 3258 quascumque
2786 3187 2871 3240 tibi
2910 3184 3085 3239 Laban
3138 3186 3289 3257 fecit.

1726 3284 1867 3354 quod
1913 3301 2015 3337 non
2058 3283 2249 3351 solum.
2281 3280 2579 3337 mercedem
2621 3279 2914 3337 abstulerit.
2946 3276 3038 3332 sed
3076 3284 3131 3330 et
3157 3276 3296 3345 quod

1727 3392 1832 3430 non
1862 3385 1916 3429 ut
1943 3382 2099 3429 antea
2147 3389 2269 3442 erga
2315 3384 2364 3426 te
2413 3385 2552 3425 nunc
2582 3369 2799 3424 affectus
2843 3370 2931 3431 sit,
2958 3368 3050 3421 sed
3095 3366 3293 3419 alioua~

1727 3469 1860 3521 verit
1892 3468 2148 3521 animum.
2179 3467 2264 3520 15.
2297 3464 2404 3534 Ego
2440 3479 2549 3517 sum
2578 3461 2712 3515 Deus
2744 3460 2831 3531 qui
2856 3458 3073 3529 apparui
3117 3457 3203 3510 tibi
3246 3458 3297 3509 in

1728 3559 1834 3611 loco
1864 3558 1945 3610 ubi
1974 3557 2216 3611 inunxisti
2265 3554 2387 3607 mihi
2432 3554 2737 3605 columnam.
2786 3549 2843 3603 lu
2893 3547 3203 3603 memoriam
3247 3547 3295 3599 ei

1726 3652 1929 3707 referre
1955 3650 2084 3716 vult,
2114 3666 2231 3719 qua:
2262 3648 2356 3717 ipsi
2387 3657 2509 3700 tunc
2548 3643 2807 3714 pollicitus
2850 3641 3037 3703 fuerit,
3069 3639 3251 3693 dicens
3281 3658 3296 3692 :

1726 3743 1791 3797 In
1822 3743 2189 3795 multitudinem
2214 3750 2259 3793 te
2283 3754 2497 3793 crescere
2520 3738 2700 3807 {nciam
2742 3743 2787 3787 et
2827 3732 3106 3786 custodiam
3135 3742 3214 3797 te,
3238 3744 3299 3782 ac

1726 3838 1961 3891 reducam
2000 3844 2044 3887 te
2072 3834 2121 3885 in
2159 3843 2339 3886 terram
2369 3842 2502 3883 tuam
2526 3827 2675 3902 (Gen.
2700 3828 2789 3881 28.
2816 3827 2898 3879 14.
2929 3824 3034 3894 15).
3060 3823 3170 3892 Ego
3198 3823 3293 3891 igi-

1728 3941 1832 3993 tur,
1867 3928 2053 3997 inquit,
2080 3926 2167 3995 qui
2215 3936 2339 3978 tunc
2385 3921 2602 3991 apparui
2646 3918 2771 3982 tibi,
2813 3927 2864 3971 et
2917 3914 3295 3985 promissiones

1727 4023 1819 4077 tibi
1849 4020 1944 4075 feci
1976 4038 1990 4075 :
2019 4034 2117 4089 ego
2146 4019 2302 4073 etiam
2335 4032 2473 4070 nunc
2495 4056 2509 4079 ,
2550 4012 2761 4083 quando
2787 4020 2998 4079 tempus
3024 4007 3166 4061 venit
3188 4018 3294 4070 quo

1725 4130 1788 4170 ea
1818 4129 1936 4183 qua:
1966 4121 2089 4166 tunc
2112 4108 2327 4179 promisi
2357 4121 2519 4176 opere
2539 4102 2850 4174 complenda
2893 4108 3013 4154 sunt
3035 4141 3049 4165 ,
3085 4096 3292 4167 regredi

1724 4216 1775 4261 te
1797 4206 1959 4275 jubeo
1988 4206 2187 4271 absque
2212 4202 2354 4255 omni
2387 4200 2578 4253 mentis
2603 4194 3014 4266 angore.Tecum
3030 4192 3160 4246 enim
3186 4207 3290 4243 ero.

1724 4301 1834 4370 Ego
1860 4316 1972 4354 sum
2001 4298 2136 4351 Deus
2170 4295 2254 4364 qui
2281 4292 2497 4363 apparui
2524 4291 2610 4344 tibi
2634 4290 2686 4343 in
2716 4289 2824 4342 loco
2850 4288 2903 4340 in
2928 4302 3024 4357 quo
3052 4283 3290 4338 inunxisti

1721 4393 1844 4446 mihi
1882 4392 2165 4444 columnam
2195 4384 2289 4457 (α),
2313 4393 2359 4437 et
2389 4381 2563 4436 vovisti
2599 4380 2719 4433 mihi
2748 4388 2933 4432 votum.
2984 4372 3291 4429 Memoriam

1722 4484 1819 4553 ipsi
1862 4480 2077 4537 refricat
2117 4477 2223 4532 voti
2263 4486 2317 4531 et
2359 4471 2761 4545 promissionis,
2798 4482 2955 4538 quam
2997 4471 3290 4533 receperat.

1721 4574 1998 4643 Quodnam
2024 4580 2203 4626 autem
2231 4576 2349 4623 erat
2375 4564 2594 4620 votum?
2616 4563 2692 4617 De
2711 4563 2772 4616 iis
2796 4575 2906 4630 qua:
2930 4558 3053 4612 mihi
3074 4556 3290 4615 dederis.

1720 4666 1938 4720 decimas
1960 4662 2045 4715 tibi
2064 4658 2273 4727 offeram
2295 4656 2445 4729 (Gen.
2473 4654 2563 4710 28.
2585 4653 2701 4723 22).
2728 4651 2985 4719 Quoniam
3011 4657 3134 4729 tunc
3160 4646 3292 4701 nihil

1723 4766 1895 4812 tecum
1947 4726 2208 4807 afferebas
2230 4790 2245 4813 ,
2278 4726 2426 4819 quasi
2459 4746 2709 4817 profugus
2754 4742 2853 4797 iter
2895 4726 3093 4795 faciens
3124 4755 3137 4793 ι
3167 4752 3289 4791 cum

1719 4860 1896 4905 autem
1947 4847 2040 4902 tibi
2080 4858 2425 4915 apparerem,
2465 4838 2654 4894 vovisti
2701 4845 2917 4901 votum,
2960 4832 3184 4887 dicens:
3220 4828 3294 4881 De

1719 4942 1947 4997 onmibus
1971 4954 2082 5008 qua:
2120 4935 2251 4989 mihi
2284 4933 2500 4995 dederis,
2532 4930 2749 4983 decimas
2788 4925 2916 4979 dabo
2943 4924 3063 4989 tibi,
3086 4932 3209 4973 volo
3235 4928 3288 4972 et

1721 5033 2072 5105 promissione
2120 5027 2407 5097 potentiam
2464 5036 2635 5076 meam
2686 5018 3042 5089 prmsignaus,
3071 5023 3125 5067 et
3168 5011 3289 5065 tidei

1719 5125 1885 5180 oculis
1916 5120 2211 5192 przevideus
2239 5116 2466 5170 futuram
2513 5112 2609 5166 tibi
2643 5124 2820 5165 rerum
2863 5104 3237 5162 abundantiam
3272 5121 3286 5157 :

1720 5228 1859 5269 nunc
1885 5212 2003 5282 quia
2030 5214 2321 5263 evenerunt
2347 5214 2399 5259 et
2427 5202 2638 5271 impleta
2671 5207 2793 5254 sunt
2819 5212 2939 5268 qua:
2972 5212 3003 5250 a
3032 5209 3117 5250 me
3147 5209 3283 5263 pra:-

1718 5306 1857 5360 dicta
1880 5344 1894 5367 ,
1913 5303 2114 5371 justum
2141 5298 2299 5353 fuerit
2328 5305 2385 5350 ut
2413 5304 2469 5350 et
2493 5300 2675 5347 votum
2706 5301 2852 5344 tuum
2882 5284 3283 5356 impleas.Nune

1718 5412 1835 5467 ergo
1854 5437 1870 5463 ,
1902 5394 2105 5463 inquit,
2136 5404 2303 5459 surge,
2331 5397 2375 5442 et
2417 5384 2650 5458 egredere
2672 5383 2734 5437 de
2762 5390 2896 5435 terra
2938 5379 3053 5445 ista,
3077 5386 3121 5431 et
3160 5375 3284 5429 vade

1778 5553 1850 5615 (α)
1884 5557 1934 5601 tn
1956 5556 2134 5608 Graeco,
2157 5558 2309 5615 suasi,
2335 5544 2463 5609 quod
2483 5550 2597 5615 apte
2619 5542 2811 5607 cippum
2831 5542 3066 5615 verteris,
3088 5536 3291 5615 velate-

1717 5603 1989 5671 litts,'arant
2027 5622 2045 5660 :
2070 5603 2152 5658 ara
2177 5603 2308 5657 enim
2338 5603 2460 5657 vere
2481 5603 2586 5662 fuit,
2608 5603 2750 5671 quam
2771 5603 3010 5665 religione
3038 5609 3195 5653 motus
3216 5603 3291 5651 iu-

1715 5669 1872 5739 unxit,
1899 5682 1949 5725 et
1974 5675 2022 5725 iu
2044 5685 2137 5735 qua
2162 5684 2333 5734 preces
2357 5677 2407 5719 et
2428 5677 2536 5720 vota
2561 5669 2736 5719 emisit.

3182 5755 3252 5781 Α..)

3192 5844 3263 5853 ...φο-
