3782 6254
400 246 501 304 ιςῡ

395 368 448 417 in
481 377 661 417 terram
690 363 1079 435 nativitatigtua:
1101 405 1114 423 ,
1144 373 1188 415 et
1216 379 1298 415 cro
1328 372 1507 414 tecum.
1546 362 1654 431 Ego
1694 371 1743 415 te
1774 361 1968 426 ubique

396 457 722 520 comitabor,
758 470 856 522 ego
887 455 976 508 tibi
1010 454 1216 507 facilem
1244 455 1519 507 ostendam
1551 456 1684 507 viam
1712 496 1725 517 ,
1754 462 1806 506 et
1849 451 1968 504 nul-

399 549 509 603 lum
558 563 588 601 a
628 548 876 616 quopiam
917 546 1165 599 damnum
1194 544 1369 607 feres;
1397 546 1612 599 dextera
1668 545 1807 598 enim
1853 559 1967 596 mea

394 637 590 707 ubique
618 648 670 691 te
698 646 955 705 proteget.
988 636 1076 690 Μ.
1110 635 1229 689 Iltcc
1265 637 1521 689 audientes
1557 634 1744 688 Rachel
1770 644 1815 687 et
1838 633 1930 687 Lia
1952 676 1967 700 ,

394 728 630 781 dixerunt
653 728 697 780 ei
724 742 743 781 :
766 724 1028 797 Numquid
1054 737 1123 781 est
1151 728 1292 781 nobis
1340 744 1457 796 pars
1500 728 1577 780 vel
1613 728 1877 781 Ittcrcditas
1918 727 1969 778 in

393 818 541 870 domo
570 818 726 886 patris
761 818 920 870 nostri
935 818 960 870 ?
985 819 1072 872 l5.
1111 816 1297 871 Nonne
1324 827 1379 869 ut
1409 818 1586 870 aliena:
1610 826 1851 886 reputata:
1878 834 1968 870 su-

392 924 505 959 mus
529 907 666 977 apud
691 924 803 960 eum
824 908 850 960 Ρ
882 908 1113 961 Vendidit
1140 910 1274 961 enim
1303 925 1411 971 nos,
1440 919 1485 962 et
1515 910 1800 962 devorando
1829 926 1969 962 com-

392 1002 493 1054 edit
529 1002 740 1071 pretium
771 1011 1014 1055 nostrum.
1044 1004 1131 1057 16.
1154 1001 1223 1055 Et
1250 1019 1374 1071 quas
1403 1018 1573 1056 omnes
1601 1002 1736 1056 Deus
1765 1002 1970 1057 abstulit

391 1092 592 1145 diuitias
616 1100 667 1145 et
693 1092 906 1162 gloriam
936 1109 967 1144 a
998 1102 1138 1160 patre
1164 1103 1356 1158 nostra,
1389 1092 1479 1145 tibi
1508 1092 1646 1144 dedit
1674 1108 1693 1145 :
1724 1108 1854 1145 nunc
1873 1092 1971 1163 igi-

392 1194 476 1237 tur
500 1199 824 1254 quaecumque
844 1184 1027 1237 dixerit
1056 1184 1146 1237 tibi
1167 1181 1304 1237 Deus
1330 1193 1462 1246 tuus,
1489 1186 1589 1254 fac.
1622 1182 1753 1238 Vide
1781 1191 1835 1237 et
1875 1182 1971 1237 has

391 1284 678 1342 sequentes
707 1274 796 1328 Dei
828 1274 1131 1338 arbitrium,
1155 1284 1208 1328 et
1257 1273 1542 1328 alferentes
1586 1274 1845 1329 rationem
1885 1274 1970 1327 cui

391 1365 681 1419 contradici
712 1381 816 1420 non
847 1367 1039 1435 potuit.
1063 1364 1198 1420 Num
1228 1374 1307 1419 est
1340 1365 1535 1434 aliquid
1561 1378 1843 1419 commune
1869 1379 1971 1419 no-

394 1456 476 1510 bis
501 1499 515 1523 ,
541 1458 711 1522 aiunt,
734 1472 853 1511 cum
885 1468 1035 1526 patre
1057 1458 1279 1512 nostro?
1306 1456 1480 1513 Semel
1530 1457 1673 1512 enim
1715 1449 1825 1512 nos'
1843 1472 1974 1512 ven-

393 1549 544 1601 didit.
571 1547 790 1603 Divitias
816 1559 861 1603 et
902 1550 1117 1619 gloriam
1144 1565 1296 1615 quam
1333 1548 1540 1602 abstulit
1574 1547 1713 1602 Deus
1754 1565 1787 1602 a
1827 1557 1974 1618 patre

392 1651 583 1704 nostra,
611 1650 659 1694 et
683 1641 819 1693 dedit
846 1641 933 1694 tibi
956 1658 973 1705 ;
994 1657 1085 1694 nos
1120 1636 1442 1705 habebimus,
1473 1648 1517 1693 et
1547 1639 1643 1708 fil-ii
1677 1640 1855 1692 nostri.
1889 1638 1967 1693 Ne

390 1744 540 1784 cessa
564 1732 740 1799 igitur,
767 1746 938 1801 neque
957 1730 1129 1794 differ,
1163 1729 1257 1785 sed
1286 1729 1366 1783 fac
1385 1745 1502 1799 quae
1520 1728 1618 1783 tibi
1649 1743 1679 1782 a
1711 1729 1820 1783 Deo
1848 1735 1975 1783 sunt

392 1820 667 1889 imperata.
705 1819 858 1875 Nunc
876 1822 1034 1892 igitur
1052 1836 1377 1891 quacumque
1406 1820 1535 1873 dixit
1560 1819 1646 1873 tibi
1675 1818 1812 1873 Deus
1834 1829 1970 1883 tuus,

389 1915 495 1980 fac.
527 1913 613 1967 1⁸7.
642 1911 766 1967 Herc
798 1921 854 1967 ut
880 1914 1072 1967 audivit
1092 1912 1274 1978 Iacob,
1306 1912 1524 1967 surrexit
1547 1921 1592 1965 et
1622 1913 1811 1982 accepit
1850 1929 1975 1967 uxo-

392 2021 474 2059 res
518 2022 672 2072 suas,
705 2014 751 2059 et
780 2006 946 2074 ﬁlios,
979 2014 1026 2059 et
1068 2006 1336 2059 ascendere
1374 2004 1491 2073 fecit
1522 2021 1673 2075 super
1716 2004 1974 2060 camelos:

389 2097 480 2151 18.
526 2107 574 2151 et
610 2096 822 2151 abduxit
855 2098 1026 2151 omnia
1072 2111 1184 2167 qua:
1228 2095 1480 2161 habebat,
1510 2106 1556 2150 et
1622 2096 1975 2167 supellectilem

394 2203 560 2251 suam,
588 2204 738 2258 quam
763 2187 1061 2254 acquisierat
1084 2188 1133 2240 in
1158 2186 1525 2255 MesOpotamia
1541 2229 1555 2253 ,
1579 2197 1624 2241 et
1650 2188 1817 2241 omnia
1860 2204 1972 2254 sua,

389 2291 445 2333 ut
473 2280 631 2334 abiret
651 2280 718 2333 ad
746 2280 894 2333 Isaac
918 2289 1109 2349 patrem
1140 2296 1304 2333 suum.

458 2372 516 2425 4.
535 2370 580 2423 Ε
599 2371 746 2423 domo
764 2369 953 2423 Labani
972 2369 1100 2439 fugit
1117 2368 1306 2433 Iacob;
1323 2384 1435 2438 qua
1450 2372 1622 2439 fugam
1636 2379 1840 2439 sequuta
1855 2371 1976 2435 sint;

352 2524 366 2533 α
389 2461 694 2530 prtedicatur
720 2477 841 2514 cura
866 2458 961 2513 Dei
984 2476 1102 2531 erga
1128 2474 1247 2513 suos
1270 2501 1285 2526 ,
1315 2474 1430 2527 qua:
1466 2460 1517 2512 in
1560 2476 1773 2529 persona
1816 2459 1978 2514 Iacob

392 2551 567 2604 elucet.
593 2580 663 2593 ~—
703 2550 1025 2617 Considera,
1068 2551 1329 2617 obsecro,
1374 2549 1734 2605 fortitudinem
1787 2552 1977 2607 aninue

385 2643 551 2712 justi,
592 2652 646 2697 et
690 2643 956 2712 quomodo
1000 2643 1211 2712 repulso
1238 2642 1382 2696 onmi
1432 2643 1623 2698 mentis
1673 2657 1869 2712 angore
1916 2658 1980 2700 ac

388 2744 569 2798 metu,
643 2734 890 2788 mandato
934 2734 1201 2788 dominico
1258 2732 1661 2800 obtemperavit.
1718 2735 1977 2800 Quoniam

386 2828 528 2881 enim
560 2828 688 2881 vidit
712 2828 847 2881 male
874 2842 1055 2882 sanam
1086 2836 1316 2880 mentem
1356 2824 1553 2880 Labani
1574 2866 1589 2893 ,
1639 2840 1744 2881 non
1798 2827 1933 2880 ultra
1959 2867 1975 2893 ,

382 2921 523 2974 sicut
548 2921 693 2990 prius
715 2962 731 2987 ,
763 2920 1090 2988 interrogare
1116 2934 1237 2973 eum
1266 2920 1465 2973 voluit:
1498 2919 1591 2973 sed
1620 2918 1759 2989 quod
1807 2920 1976 2989 impe-

386 3021 556 3066 ratum
587 3022 753 3066 erata
781 3013 1033 3077 Domino,
1066 3011 1316 3080 implebat
1339 3051 1352 3072 ,
1382 3020 1437 3065 et
1465 3013 1698 3080 acceptis
1740 3012 1977 3066 mulieri-

386 3101 486 3156 bus
513 3113 566 3156 et
594 3103 803 3171 pueris,
838 3103 936 3156 iter
964 3102 1203 3170 arripuit.
1236 3101 1321 3155 t9.
1352 3100 1528 3155 Laban
1553 3111 1754 3166 autem,
1785 3101 1973 3171 inquit,

386 3195 575 3246 abierat
599 3194 667 3247 ad
683 3195 986 3247 tondcndum
1007 3208 1116 3246 oves
1136 3210 1276 3249 suas.
1302 3191 1494 3247 Forata
1513 3202 1677 3247 autem
1697 3202 1768 3247 est
1790 3192 1981 3249 Rachel

387 3286 523 3340 idola
554 3287 709 3353 patris
730 3286 826 3339 sui.
855 3285 1035 3355 Neque
1063 3285 1161 3339 hoc
1200 3286 1398 3354 absque
1420 3300 1575 3340 causa
1608 3287 1760 3342 nobis
1790 3301 1981 3358 propo~

387 3378 543 3431 situm
571 3387 651 3432 est
673 3419 688 3442 ,
721 3378 811 3431 sed
859 3387 913 3432 ut
950 3378 1180 3432 sciamus
1204 3379 1468 3447 quomodo
1491 3378 1666 3434 adhuc
1707 3391 1978 3449 paternam

390 3469 645 3523 habentes
697 3470 1171 3533 coosuctudincm,
1227 3470 1487 3525 idolorum
1538 3472 1703 3527 cultui
1757 3472 1979 3528 addicta:

386 3569 557 3613 erant.
588 3559 963 3615 Animadverte
988 3561 1127 3616 enim
1157 3604 1171 3627 ,
1219 3570 1474 3631 quantum
1504 3562 1589 3617 illa
1636 3563 1687 3617 in
1719 3562 1819 3619 hoc
1864 3575 1979 3617 stu-

387 3650 532 3704 dium
563 3650 877 3721 impenderit
901 3694 915 3717 ,
943 3667 1061 3706 cum
1091 3652 1221 3706 niltil
1248 3654 1387 3716 aliud
1414 3669 1442 3707 a
1472 3664 1621 3723 patre
1646 3654 1857 3711 auferre
1883 3670 1978 3710 vo-

387 3744 581 3810 luerit,
628 3761 785 3815 quam
836 3744 975 3800 idola
1030 3746 1182 3816 ejus,
1241 3747 1397 3816 idque
1436 3746 1661 3802 faciebat
1708 3748 1980 3816 ignorante

387 3835 502 3889 viro
527 3853 539 3889 :
569 3852 738 3906 neque
763 3838 903 3891 enim
932 3837 1017 3891 ille
1042 3837 1142 3891 hoc
1170 3838 1498 3908 permisisset
1527 3839 1659 3891 fieri.
1684 3838 1773 3893 20.
1797 3838 1980 3892 Occul-

387 3928 506 3978 tavit
527 3925 694 3980 autem
720 3971 733 3991 ,
760 3928 928 3998 inquit
952 3970 965 3994 ,
993 3928 1155 3981 Iacob
1182 3947 1212 3981 a
1239 3928 1413 3982 Laban
1436 3929 1599 3999 Syro,
1624 3946 1686 3982 ne
1705 3931 1978 3983 annuntia-

386 4028 523 4070 retur
541 4019 586 4071 ei
604 4019 737 4087 quod
752 4023 959 4089 fugeret.
974 4019 1036 4071 2|
1054 4060 1065 4071 .
1083 4019 1148 4072 Et
1169 4020 1401 4073 abscessit
1422 4020 1439 4072 i
1443 4036 1528 4088 pse
1542 4029 1588 4072 et
1612 4020 1779 4072 omnia
1799 4021 1977 4090 ipsius,

386 4122 433 4163 et
460 4114 669 4165 transito
698 4115 851 4181 ﬂuvio
871 4154 884 4177 ,
915 4114 1164 4166 contendit
1197 4114 1264 4165 ad
1293 4124 1507 4167 montem
1545 4114 1763 4167 Galaad.
1815 4114 1943 4169 Vide
1962 4157 1976 4181 ,

387 4202 611 4255 obsecro
633 4244 648 4266 ,
688 4206 844 4256 etiam
874 4202 959 4255 hic
994 4218 1235 4272 magnam
1281 4204 1373 4258 Dei
1404 4206 1819 4273 providentiam,
1845 4222 1979 4276 quo-

390 4293 582 4357 modo,
612 4292 780 4347 donec
815 4294 992 4363 justus
1041 4295 1216 4364 procul
1247 4295 1569 4363 aufugisset,
1600 4310 1702 4350 non
1745 4298 1982 4365 permisit

391 4394 446 4437 ιιι
471 4383 647 4437 Laban
679 4385 817 4438 illius
846 4398 1111 4440 secessum
1142 4387 1320 4441 sciret.
1367 4386 1459 4440 22.
1492 4387 1669 4442 Tribus
1698 4389 1838 4443 enim
1871 4389 1979 4441 die-

390 4477 480 4528 bus
506 4516 519 4539 ,
548 4476 711 4543 inquit
733 4517 747 4539 ,
773 4478 1036 4545 prwteritis
1056 4518 1069 4539 ,
1092 4478 1189 4547 ipsi
1214 4477 1389 4533 Laban
1427 4479 1661 4534 innotuit.
1691 4480 1780 4537 25.
1810 4480 1874 4534 Ει
1898 4498 1982 4536 as-

389 4568 603 4638 sumptis
626 4570 852 4624 omnibus
888 4571 1125 4640 fratribus
1148 4572 1251 4626 suis
1277 4614 1292 4639 ,
1316 4583 1603 4643 persecutus
1640 4584 1713 4627 est
1755 4591 1866 4627 eum
1903 4575 1983 4628 via

390 4660 583 4712 dierum
623 4672 842 4731 septem;
870 4672 917 4716 et
953 4674 1287 4733 consequutus
1327 4681 1437 4718 eum
1462 4666 1515 4719 in
1554 4676 1721 4719 monte
1761 4665 1979 4722 Galaad.

391 4752 625 4807 Obsecro
666 4755 749 4809 hic
773 4770 980 4825 quoque
1004 4756 1247 4810 attendas
1288 4757 1377 4811 Dei
1407 4758 1810 4826 providentiam.
1852 4758 1981 4813 Nam

396 4845 484 4913 qtti
509 4845 676 4909 dixit,
710 4846 971 4901 Rcvtrtere
992 4849 1044 4901 in
1072 4859 1253 4901 terram
1281 4859 1447 4913 tuam,
1492 4859 1535 4903 et
1580 4866 1664 4903 ero
1684 4860 1870 4916 tecum,
1898 4850 1985 4905 ille

390 4937 717 4991 etiamnunc
743 4954 889 4992 suam
929 4939 1157 4994 declarat
1210 4940 1613 5010 providentiam.
1663 4943 1796 5009 Quia
1844 4945 1981 4997 enim

396 5030 524 5083 vidit
554 5028 731 5084 Lahan
764 5045 882 5085 cum
916 5033 1075 5086 multa
1104 5032 1462 5104 indignatione
1489 5034 1729 5104 persequi
1756 5034 1978 5103 justum,

392 5133 446 5175 et
469 5138 674 5192 paruam
706 5122 878 5178 furtivi
906 5139 1149 5180 secessus
1168 5169 1182 5193 ,
1206 5136 1264 5182 ut
1290 5127 1357 5180 ita
1383 5125 1552 5180 dicam
1579 5168 1592 5190 ,
1620 5136 1982 5196 sumpturum,

392 5214 637 5282 apparuit
680 5215 859 5268 Laban
901 5229 1054 5272 noete
1094 5218 1144 5271 in
1172 5234 1380 5272 somno.
1408 5219 1497 5273 24.
1539 5217 1682 5272 Venit
1725 5220 1882 5284 enim,
1908 5220 1985 5273 in.

391 5306 503 5372 quit
524 5344 539 5367 ,
569 5304 701 5358 Deus
723 5307 791 5359 ad
814 5306 986 5361 Luban
1011 5309 1197 5380 Syrum
1221 5311 1269 5363 in
1298 5328 1472 5364 somno
1494 5321 1633 5365 nocte
1653 5354 1665 5372 ,
1689 5322 1734 5365 et
1756 5313 1881 5366 dixit
1921 5316 1985 5369 ei.

400 5393 530 5448 Vide
564 5394 652 5449 Dei
684 5397 1058 5468 indulgentiam
1080 5442 1093 5464 ,
1124 5404 1390 5470 quomodo
1414 5403 1481 5457 ob
1509 5419 1656 5458 suam
1706 5406 1755 5458 itt
1788 5405 1985 5475 justum

395 5484 779 5551 providentiam
809 5503 927 5543 cum
959 5489 1139 5544 Laban
1168 5492 1485 5561 colloquitur
1515 5512 1526 5548 :
1576 5506 1631 5548 ιιι
1671 5496 1849 5550 territa
1876 5496 1989 5565 ejus

400 5587 576 5630 tuente
600 5579 849 5647 impetum
880 5583 992 5650 ejus
1014 5598 1042 5636 a
1064 5583 1227 5638 Iacob
1251 5597 1511 5641 cncrceat.
1537 5587 1667 5642 Cave
1690 5589 1809 5655 tibi,
1836 5606 1896 5642 ne
1917 5591 1990 5643 lo-

398 5670 567 5737 quaris
583 5669 866 5725 cumIarub
891 5675 1041 5726 mala.
1072 5674 1250 5747 Magna
1283 5677 1484 5732 Domini
1515 5678 1828 5749 benignitas.
1854 5680 1987 5748 Quia

1140 246 1195 302 S.
1235 246 1509 303 IO.\.\'NlS
1547 242 2014 302 CllﬂYSOSTOMl
2056 246 2371 305 AllClllEP.
2412 252 2940 316 CONSTANTINOP.

3569 270 3661 324 ἔσω

2078 362 2216 414 cnim
2234 364 2431 419 sciebat
2456 381 2576 421 eum
2600 369 2663 423 ad
2689 388 2911 442 pugnam
2938 376 3281 443 contendere,
3309 388 3364 433 ct
3385 391 3573 433 contra
3594 386 3665 451 ju-

2074 468 2213 539 sunn
2231 456 2501 524 insurgere
2522 462 2675 524 velle,
2694 463 2791 517 hoc
2809 466 2967 519 verbo
2984 478 3211 522 mentem
3229 472 3348 539 ejus
3359 486 3667 539 COIIIpC~PIL

2072 547 2126 590 ct
2147 538 2303 592 dicit:
2332 539 2462 594 Cave
2484 542 2589 607 tibi,
2616 560 2677 599 ne
2698 546 2918 611 loquaris
2937 567 3051 602 cum
3069 549 3229 605 Iacob
3250 538 3390 605 mala
3416 572 3431 607 ε
3459 538 3675 621 perinde

2073 643 2136 681 ac
2160 628 2202 681 si
2235 629 2468 686 diceret:
2496 632 2635 689 Cave
2661 650 2728 690 ne
2766 638 2848 691 vel
2876 639 3052 693 verbis
3080 640 3353 697 olfeudere
3391 642 3570 697 Iacob
3592 659 3672 696 co-

2076 724 2250 776 neris:
2280 723 2374 778 scd
2414 740 2566 780 serva
2599 728 2824 798 teipsum
2845 771 2859 793 ,
2887 733 3098 786 contine
3122 734 3318 787 malum
3352 735 3503 788 hunc
3536 744 3671 788 ttmm

2075 811 2327 881 impetum
2354 856 2368 880 ,
2415 818 2704 887 comprime
2748 819 2977 875 furorem
3002 865 3016 889 ,
3046 823 3251 879 rcfrena
3279 827 3480 878 iratum
3535 836 3671 879 tuum

2073 904 2307 957 animmn
2329 947 2343 967 ,
2372 920 2433 960 ac
2472 923 2538 962 ne
2562 909 2645 963 vel
2669 910 2834 963 verbo
2864 912 3033 980 ipsum
3081 915 3395 969 contristare
3423 916 3586 970 velis.
3620 917 3669 970 Et

2073 994 2347 1048 considera
2377 996 2464 1050 Dei
2507 998 2861 1053 clementiam.
2889 1001 2999 1054 Non
3029 1003 3300 1071 imperavit
3352 1004 3585 1059 Lahano
3627 1020 3669 1059 ut

2073 1087 2137 1140 ad
2170 1088 2377 1158 propria
2416 1100 2795 1157 reverteretur,
2837 1092 2928 1147 sed
2960 1093 3129 1147 solum
3163 1095 3409 1162 prohibet
3455 1112 3529 1150 ne
3560 1100 3671 1165 quid

2073 1178 2261 1232 durum
2297 1181 2377 1235 vel
2421 1183 2698 1237 molestum
2747 1201 2866 1238 cum
2891 1184 3035 1254 justo
3066 1187 3327 1255 loquatur.
3357 1190 3576 1255 Quare,
3628 1202 3672 1244 et

2076 1280 2290 1337 promer
2318 1271 2485 1337 quid?
2510 1272 2575 1326 Ut
2604 1273 2771 1326 tliscat
2803 1290 2894 1342 per
2928 1277 3133 1344 negotia
3159 1287 3210 1330 et
3243 1292 3337 1345 per
3367 1293 3539 1347 opera
3572 1280 3669 1348 ipsa

2069 1359 2274 1429 justus,
2302 1374 2551 1432 quanunn
2578 1366 2658 1419 sui
2680 1380 2859 1419 curam
2886 1377 3035 1436 gerat
3062 1368 3217 1423 Deus.
3246 1369 3377 1423 Nam
3404 1372 3453 1424 si
3489 1387 3668 1426 rever-

2075 1466 2164 1506 sus
2191 1453 2372 1507 fuissct
2393 1454 2569 1509 Laban
2596 1497 2609 1520 ,
2634 1457 2772 1511 unde
2803 1457 2930 1511 illttd
2956 1459 3203 1513 scivisset
3224 1459 3393 1514 Iacob
3413 1502 3427 1523 ,
3449 1472 3545 1514 aut
3566 1467 3670 1530 ejus

2078 1545 2314 1599 uxores?
2340 1544 2462 1600 ideo
2491 1547 2742 1614 permittit
2774 1548 2821 1601 ei
2850 1558 2903 1601 ιιι
2931 1548 3106 1613 abeat,
3140 1559 3192 1604 et
3210 1549 3391 1620 lingua
3419 1566 3520 1605 sua
3548 1567 3669 1605 con-

2078 1634 2285 1689 liteatur
2300 1653 2417 1705 quae
2436 1638 2571 1691 Dens
2587 1638 2795 1693 dixitad
2812 1655 2890 1705 se,
2910 1656 3014 1709 quo
3028 1652 3079 1695 ct
3099 1642 3271 1710 justus
3288 1644 3552 1711 majorem
3570 1645 3671 1696 ala-

2075 1725 2315 1780 critatem
2347 1727 2539 1782 habeat
2583 1730 2993 1797 proficiscendo,
3028 1731 3376 1802 fiduciamque
3405 1734 3667 1802 accipiat,

2076 1826 2125 1872 et
2169 1826 2228 1871 ut
2275 1818 2430 1887 hujus
2495 1834 2688 1874 uxores
2735 1821 2753 1852 ¹
2807 1821 3011 1876 discent
3054 1833 3252 1892 quanto
3297 1825 3476 1878 studio
3535 1825 3671 1879 Deus

2076 1912 2313 1965 omnium
2362 1911 2612 1966 Dominus
2654 1912 2906 1968 Iacobum
2956 1925 3138 1979 curet,
3182 1915 3534 1985 rejiciantquc
3581 1931 3667 1970 er-

2079 2016 2252 2056 rorem
2318 2012 2627 2071 paternum,
2690 2012 2744 2058 et
2795 2004 3065 2059 imitentur
3110 2005 3346 2074 jnstmn,
3398 2017 3558 2074 atque
3608 2007 3670 2060 ad

2078 2095 2503 2165 Cognosccndum
2535 2095 2700 2150 Deum
2732 2096 3079 2151 sufficientem
3109 2097 3405 2151 doctrinam
3434 2097 3557 2151 inde
3583 2114 3669 2151 ac-

2078 2187 2293 2254 cipiant.
2317 2185 2498 2255 Neque
2529 2187 2669 2241 enim
2703 2188 2780 2241 sic
2832 2186 2935 2242 lide
2975 2187 3128 2256 digna
3158 2198 3307 2241 erant
3352 2203 3473 2256 qua:
3513 2188 3671 2243 Iacob

2077 2278 2286 2332 diccbat
2311 2318 2325 2341 ,
2352 2288 2408 2332 ut
2433 2294 2549 2348 qua:
2575 2294 2605 2333 a
2626 2277 2803 2333 Laban
2835 2277 3169 2342 dicebantur,
3198 2285 3285 2347 qui
3326 2278 3503 2331 adhuc
3532 2280 3665 2331 idola

2079 2371 2303 2425 colebat.
2333 2369 2555 2440 Semper
2575 2372 2713 2425 enim
2737 2371 3023 2426 inlidelium
3045 2380 3093 2425 et
3116 2371 3510 2425 adversantium
3532 2388 3667 2423 verae

2079 2462 2319 2531 religioni
2365 2462 2660 2516 testimonia
2696 2463 2947 2530 majorem
2989 2461 3183 2515 habent
3233 2459 3412 2514 fidem.
3460 2461 3531 2514 Et
3578 2462 3673 2514 hoc

2079 2564 2161 2608 est
2187 2569 2249 2608 ex
2291 2553 2639 2623 omnipotenti
2678 2553 2932 2622 sapientia
2964 2552 3089 2618 Dei,
3116 2566 3234 2607 cum
3266 2552 3509 2606 inimicos
3541 2553 3672 2604 veri-

2079 2646 2203 2701 t'ttis
2234 2644 2377 2714 ipsos
2407 2653 2570 2699 testes
2599 2643 2833 2697 veritatis
2859 2642 3022 2697 efﬁcit
3042 2683 3055 2707 ,
3084 2652 3138 2697 et
3180 2657 3272 2696 sua
3307 2644 3485 2711 lingua
3515 2644 3673 2712 ipsam

2082 2736 2294 2792 firmare
2316 2747 2574 2806 satagunt.
2593 2735 2679 2790 25.
2698 2733 3039 2804 Consequutus
3054 2744 3123 2787 est
3141 2744 3308 2787 autem
3326 2733 3501 2785 Laban
3524 2733 3674 2786 Iaco-

2082 2828 2217 2882 bum.
2269 2827 2428 2883 Iacob
2456 2838 2621 2881 autent
2661 2827 2771 2896 ﬁxit
2809 2827 3181 2879 tabernaculum
3206 2841 3350 2879 suum
3376 2827 3426 2878 in
3469 2836 3671 2878 monte:

2080 2920 2257 2975 Laban
2283 2938 2393 2975 vero
2420 2921 2669 2974 constituit
2704 2923 2884 2990 fratres
2908 2934 3026 2971 suos
3067 2918 3118 2970 in
3146 2927 3311 2969 monte
3335 2916 3560 2970 Galaad.
3590 2914 3675 2969 26.

2081 3011 2225 3067 Disit
2246 3023 2408 3066 autem
2427 3010 2599 3065 Laban
2623 3010 2688 3062 ad
2702 3009 2860 3063 Iacob
2885 3024 2903 3062 :
2932 3008 3034 3061 Cur
3049 3009 3140 3062 Itoc
3162 3008 3364 3077 fecisti?
3392 3006 3525 3061 Vide
3553 3021 3677 3075 quo-

2083 3104 2242 3159 modo
2270 3113 2588 3173 prmceptum
2635 3102 2727 3157 Dei
2757 3116 3002 3171 magnum
3044 3100 3182 3155 illius
3208 3100 3439 3154 calorem
3469 3113 3676 3167 repres-

2082 3197 2179 3262 sit,
2208 3204 2261 3250 et
2287 3194 2517 3250 furorem
2539 3192 2823 3249 refrenavit
2848 3209 2861 3245 :
2884 3202 2936 3246 et
2963 3192 3155 3247 idcirco
3181 3204 3515 3260 cummagna
3536 3204 3677 3243 mal-

2083 3288 2358 3343 suetudine
2373 3286 2694 3356 colloquium
2712 3284 2871 3339 habet
2884 3300 3001 3338 cum
3032 3298 3095 3337 eo
3116 3324 3130 3347 ,
3159 3282 3309 3351 quasi
3325 3296 3384 3335 se
3400 3294 3677 3350 excusans,

2084 3391 2136 3434 et
2168 3388 2437 3448 paternam
2464 3376 2799 3432 dilectionem
2815 3390 2937 3445 erga
2968 3374 3110 3427 illum
3138 3373 3435 3426 declarans.
3463 3374 3678 3439 Quando

2083 3472 2225 3526 enim
2255 3483 2484 3538 superna
2529 3465 2861 3538 providentia
2903 3464 3054 3519 nobis
3091 3464 3320 3526 assistit,
3354 3477 3461 3516 non
3512 3465 3675 3516 solum

2088 3563 2350 3615 malorum
2383 3560 2655 3614 hominum
2685 3555 2903 3611 insidias
2948 3554 3178 3623 effugere
3221 3567 3544 3622 possumus,
3592 3551 3677 3605 sed

2083 3654 2181 3708 etsi
2232 3654 2283 3707 in
2335 3652 2531 3706 bestias
2565 3651 2708 3720 ipsas
2750 3648 3079 3710 incidamus,
3122 3647 3250 3700 nihil
3296 3646 3507 3699 adversi
3534 3645 3680 3699 nobis

2083 3745 2278 3800 evenit.
2306 3742 2552 3800 Omnium
2581 3742 2719 3797 enim
2753 3740 3004 3794 Dominus
3029 3752 3139 3791 sua:
3174 3737 3383 3789 virtutis
3433 3748 3680 3804 prseStan-

2084 3841 2209 3893 tiam
2237 3839 2516 3894 declarans
2539 3877 2553 3900 ,
2586 3834 2872 3889 bestiarum
2902 3838 3069 3885 tnulat
3095 3836 3332 3882 naturam
3353 3868 3367 3888 ,
3400 3842 3599 3893 easque
3628 3827 3676 3878 iu

2083 3948 2211 3985 oves
2239 3938 2539 3983 mansuetas
2565 3925 2939 3979 transformat:
2964 3938 3067 3976 non
3098 3919 3237 3990 quod
3284 3919 3563 3972 bestialem
3612 3920 3681 3971 eis

2085 4037 2325 4079 naturam
2375 4024 2614 4076 immutet
2637 4060 2649 4081 ,
2694 4016 2785 4069 sed
2817 4016 3023 4069 relictas
3050 4013 3101 4067 in
3128 4021 3309 4066 natura
3341 4024 3436 4065 eas
3459 4052 3473 4076 ,
3508 4010 3679 4061 ovium

2085 4133 2263 4173 mores
2289 4128 2341 4171 ct
2369 4126 2609 4169 naturam
2637 4111 2890 4167 exhibere
2918 4108 3127 4177 satagit.
3176 4105 3336 4174 quue
3372 4118 3479 4157 non
3514 4102 3679 4156 solum

2086 4213 2136 4268 in
2167 4212 2291 4267 feris
2311 4211 2429 4282 quis
2457 4209 2637 4262 videre
2670 4206 2897 4275 poterit,
2924 4202 3017 4257 sed
3054 4210 3106 4255 et
3136 4201 3185 4253 in
3211 4200 3491 4253 elementis
3540 4199 3673 4265 ipsis.

2085 4305 2307 4374 Quando
2332 4306 2470 4357 enim
2502 4302 2647 4367 vult,
2678 4308 2801 4353 tunc
2828 4306 2880 4351 ct
2904 4298 3164 4350 elementa
3196 4295 3306 4362 ipsa
3337 4292 3550 4345 virtutis
3579 4306 3680 4343 sua:

2085 4399 2484 4459 obliviscuntur,
2509 4405 2560 4449 et
2587 4408 2758 4463 neque
2785 4392 2917 4461 ignis
2945 4389 3064 4442 facit
3094 4386 3233 4457 quod
3265 4387 3399 4455 ignis
3429 4384 3589 4437 solet.
3622 4382 3677 4436 Et

2089 4493 2189 4548 hoc
2210 4506 2416 4562 quoque
2436 4489 2639 4543 discere
2664 4486 2859 4556 poterit
2886 4483 3072 4553 aliquis
3096 4491 3199 4534 tam
3223 4480 3273 4533 in
3296 4478 3466 4532 tribus
3484 4476 3673 4546 pueris,

2087 4603 2241 4657 quam
2258 4586 2308 4639 in
2331 4583 2542 4637 Daniele
2559 4580 2776 4653 (Dan.6.
2793 4578 2905 4648 2'2).
2922 4576 3049 4631 Nam
3075 4575 3209 4628 lnmc
3222 4571 3402 4626 leones
3414 4574 3551 4625 sicut
3564 4582 3677 4621 oves

2088 4675 2517 4738 circumdabant,
2543 4682 2597 4727 et
2624 4685 2854 4739 Superno
2875 4667 3069 4721 auxilio
3090 4674 3260 4719 retusa
3284 4677 3469 4717 eorum
3498 4660 3659 4714 feroci

2090 4776 2197 4823 tate
2221 4809 2234 4835 ,
2269 4766 2395 4821 nihil
2420 4765 2494 4820 illi
2527 4761 2846 4818 incommodi
2871 4759 3086 4814 dabant.
3113 4755 3242 4810 Nam
3272 4754 3413 4824 quod
3442 4752 3673 4807 ferocita-

2091 4869 2197 4915 tem
2226 4873 2331 4913 non
2360 4865 2668 4912 exercentes
2694 4853 2852 4917 fera),
2887 4867 3002 4906 eam
3032 4859 3206 4904 tamen
3254 4846 3567 4901 retinuerint
3589 4887 3607 4912 ,
3652 4842 3681 4895 ii

2090 4952 2181 5025 qui
2208 4950 2335 5007 feris
2364 4949 2768 5004 truculentiores
2795 4954 2945 5001 erant
2973 4944 3144 5011 reipsa
3164 4939 3368 5009 experti
3396 4946 3544 4991 sunt.

2166 5044 2218 5099 5.
2262 5043 2372 5097 lloc
2418 5050 2593 5095 autem
2641 5039 2704 5092 ad
2746 5037 3002 5107 majorem
3043 5035 3251 5088 illorum
3294 5030 3680 5085 accusationem

2100 5138 2295 5193 factttm
2324 5144 2437 5199 cst,
2463 5135 2584 5203 quia
2616 5134 2818 5186 ratione
2852 5128 3103 5198 insigniti.
3133 5123 3447 5179 crudelitate
3485 5120 3678 5175 bestias

2098 5230 2304 5284 ratione
2331 5236 2575 5283 carentes
2600 5224 2899 5278 vincebant.
2945 5218 3293 5283 Tandemque
3332 5214 3505 5281 reipsa
3544 5211 3675 5264 didi-

2096 5330 2284 5376 cerunt
2326 5320 2593 5389 quomodo
2638 5333 2701 5370 cx
2748 5312 2953 5369 Domini
2998 5307 3321 5380 providentia
3368 5304 3497 5358 ferte
3549 5303 3674 5370 ipsa:

2092 5413 2289 5482 justum
2316 5412 2423 5465 sint
2476 5409 2736 5473 reverita),
2777 5418 2948 5474 neque
2996 5416 3137 5456 ausa:
3185 5397 3378 5452 fuerint
3420 5395 3535 5465 ejus
3562 5409 3672 5447 cur.

2099 5521 2194 5577 pus
2243 5505 2538 5573 attingere;
2593 5500 2668 5555 illi
2717 5512 2845 5553 vero
2890 5495 3027 5550 feras
3071 5490 3397 5548 immanitate
3440 5501 3658 5556 super-ao

2127 5627 2166 5700 ἰ
2198 5627 2296 5673 Sex
2345 5624 2486 5686 Mss,
2534 5631 2579 5675 et
2621 5628 2674 5673 ut
2718 5621 2865 5687 Itttjtts
2907 5616 3061 5685 ﬁlim,
3101 5619 3180 5669 καὶ
3221 5619 3271 5665 αἱ
3319 5614 3492 5665 τούτου
3538 5618 3668 5673 ῦντῦν

2088 5704 2229 5751 τερες.
