3730 6252
59 265 119 319 01
1028 268 1096 325 IN
1125 269 1278 325 CAP.
1321 267 1512 323 XXXI.
1554 266 1798 324 GENES.
1839 268 2066 325 HOMIL.
2108 269 2263 326 LVII.

55 394 145 440 unt
172 386 282 441 ‘.Et
326 400 394 441 ne
419 393 663 455 putarent
691 385 807 441 hinc
829 385 1030 441 exvisu
1058 385 1177 441 solo
1196 399 1258 440 ac
1279 383 1459 455 Specie
1471 383 1605 437 facta

55 493 160 542 sse;
178 478 470 548 pereosqui
485 487 665 546 postea
683 478 736 532 in
751 477 920 532 lacum
935 477 1109 548 injecti
1122 487 1243 533 sunt
1255 483 1601 547 agnoverunt,

55 583 114 620 as
138 584 261 623 cum
283 568 428 637 justo
448 569 563 622 viro
585 570 766 624 ovium
792 570 1252 625 mansuetudinem
1281 569 1529 633 imitatas,
1553 576 1607 622 et

60 668 227 711 aturae
263 673 374 713 sua:
403 660 595 715 oblitas
622 675 780 714 esse:
823 675 945 715 cum
974 661 1038 715 iis
1078 668 1255 715 autem
1303 660 1393 728 qui
1424 668 1607 728 postea

56 750 205 819 ijecti
235 761 360 804 sunt
384 750 813 806 ferociamsuam
836 751 1160 807 exhibuisse.
1193 750 1450 806 Similiter
1472 761 1527 806 et
1553 752 1605 805 in

56 856 241 896 irnace
262 842 401 914 ignis
422 841 619 897 factum
647 852 730 897 est
759 842 985 915 (Daniel.
1018 843 1097 912 5).
1127 842 1262 898 Nam
1290 857 1384 898 eos
1408 842 1497 913 qui
1529 843 1609 896 in-

56 948 108 986 LIS
130 941 282 986 erant
305 934 648 989 reverehatur
665 934 1011 1001 elementum,
1029 944 1083 990 et
1103 950 1208 990 non
1232 936 1416 990 urebat
1437 936 1568 1006 ignis
1589 952 1603 989 :

55 1025 115 1078 ed
144 1027 293 1095 quasi
317 1027 471 1095 ligata
498 1029 808 1097 operatione
834 1043 951 1093 sua,
976 1029 1055 1083 ita.
1069 1028 1200 1083 nihil
1228 1030 1454 1084 nocebat
1481 1043 1608 1098 pue-

55 1132 206 1171 orum
232 1119 567 1188 corporibus,
597 1129 662 1174 etv
675 1135 846 1190 neque
867 1120 1089 1190 capillos
1118 1135 1306 1176 eorum
1344 1125 1608 1191 attingere

56 1226 183 1263 usus
224 1209 347 1275 fuit,
372 1212 523 1281 quasi
561 1212 813 1268 mandato
855 1212 1080 1281 alicujus
1122 1212 1448 1267 elementum
1486 1227 1615 1281 pro-

58 1301 196 1355 riam
215 1300 490 1357 declarare
527 1302 776 1358 virtutem
827 1302 1201 1372 prohiberetur
1234 1320 1246 1356 :
1294 1318 1388 1358 eos
1429 1312 1607 1356 autem

60 1392 110 1444 ui
140 1402 286 1446 extra
314 1392 585 1449 fornacem
604 1403 776 1458 erant,
809 1394 1123 1463 absumpsit.
1151 1392 1209 1448 In
1235 1403 1461 1464 utroque
1489 1408 1607 1447 ma-

58 1496 123 1535 na
155 1482 243 1536 Dei
274 1484 505 1553 potentia
530 1484 828 1539 declaratur
846 1525 862 1551 ,
893 1493 947 1540 et
971 1485 1091 1555 quia
1120 1484 1193 1539 illi
1221 1484 1363 1539 intus
1392 1499 1607 1539 manse-

55 1581 149 1626 unt
189 1573 379 1640 illaesi,
409 1583 464 1630 et
506 1575 630 1644 quia
671 1575 761 1645 qui
792 1576 920 1631 [oris
942 1584 1095 1631 erant
1119 1617 1135 1643 ,
1181 1575 1474 1644 perierunt.
1520 1573 1609 1630 Sic

60 1662 235 1718 uaudo
283 1679 515 1734 superno
557 1665 756 1719 auxilio
810 1665 1119 1731 munimur,
1170 1680 1276 1719 non
1306 1664 1481 1720 solum
1524 1662 1607 1719 ef-

56 1754 252 1822 igimus
302 1755 638 1811 inimicorum
688 1755 947 1821 insidias,
1010 1755 1106 1811 sed
1154 1755 1254 1811 etsi
1306 1754 1360 1810 in
1410 1754 1608 1810 bestias

56 1859 169 1898 )sas
189 1845 505 1911 incidamus,
542 1846 673 1901 nihil
697 1847 924 1916 patimur
960 1862 1140 1918 grave.
1170 1848 1262 1901 Dei
1300 1847 1444 1902 enim
1491 1862 1607 1901 ma-

62 1951 125 1990 us
156 1938 420 2005 potentior
456 1946 539 1994 est
570 1938 854 2004 omnibus;
900 1939 1015 2008 ipsa
1056 1955 1155 1995 nos
1201 1939 1435 2010 undique
1478 1939 1608 1995 satis

56 2029 212 2093 munit,
229 2037 286 2085 et
303 2028 524 2085 invictos
545 2029 668 2085 facit
692 2048 703 2084 :
731 2031 782 2084 id
795 2032 937 2099 quod
957 2031 1079 2086 etin
1094 2032 1239 2101 justo
1260 2031 1362 2087 hoc
1372 2030 1609 2086 declara-

56 2135 138 2173 am
159 2128 260 2174 est.
291 2119 420 2174 Nam
447 2121 536 2190 qui
567 2128 715 2176 tanto
743 2121 941 2192 impetu
965 2121 1424 2192 comprehendere
1443 2121 1607 2177 Jaco-

61 2225 173 2275 um,
199 2218 252 2265 et
280 2226 493 2279 poenam
519 2210 655 2282 fuga:
680 2212 749 2267 de
774 2228 841 2267 eo
867 2228 1081 2268 sumere
1105 2213 1349 2280 volebat;
1379 2230 1485 2269 non
1516 2229 1607 2268 so-

56 2316 134 2352 im
167 2301 295 2354 nihil
321 2317 573 2371 asperum
598 2312 654 2358 et
679 2303 873 2358 durum
900 2304 1158 2360 adversus
1183 2320 1304 2360 eum
1327 2305 1563 2376 loquitur
1586 2344 1602 2370 ,

55 2391 120 2446 ed
147 2393 281 2446 sicut
306 2404 458 2463 pater
491 2394 657 2450 lilium
686 2396 1015 2464 compellans
1037 2436 1052 2463 ,
1086 2397 1156 2451 ita
1197 2396 1404 2452 blandis
1432 2397 1608 2453 verbis

55 2485 275 2538 onvenit
297 2502 310 2536 :
341 2484 474 2553 dicit
498 2486 642 2541 enim
670 2504 682 2539 :
711 2486 800 2541 26.
825 2487 929 2542 Cur
957 2488 1051 2542 hoc
1076 2489 1283 2557 fecisti?
1305 2506 1458 2557 quare
1477 2492 1609 2544 clam

56 2577 345 2632 bscessisti?
374 2577 507 2635 Vide
546 2588 739 2648 quanta
784 2582 1042 2636 mutatio:
1093 2582 1211 2647 vide
1252 2583 1519 2653 quomodo
1563 2584 1609 2638 is

61 2668 115 2720 ui
145 2680 201 2721 ut
224 2669 391 2723 bestia
422 2670 739 2735 insaniehat,
773 2672 954 2726 ovium
979 2672 1214 2727 imitatur
1242 2675 1607 2728 mansuetudi-

62 2774 170 2811 cm.
205 2758 372 2826 Quare
408 2760 639 2815 clanculo
682 2762 973 2828 discessisti,
1007 2774 1053 2817 et
1092 2781 1203 2818 mea
1230 2765 1404 2835 furtim
1434 2766 1607 2819 abstu-

56 2851 164 2915 ‘sti,
210 2861 257 2905 et
298 2852 554 2907 abduxisti
598 2855 735 2922 ﬁlias
773 2872 910 2909 meas
937 2858 1082 2926 quasi
1130 2862 1349 2927 captivas
1394 2857 1609 2929 gladio?

55 2948 235 3010 Quare,
264 2944 466 3014 inquit,
496 2945 597 3001 hoc
626 2946 833 3003 fecisti?
858 2950 983 3019 quid
1014 2948 1225 3004 tandem
1251 2950 1305 3004 in
1335 2952 1608 3022 proposito

62 3036 300 3091 abuisti?
326 3053 491 3107 quare
535 3039 612 3093 sic
651 3041 860 3095 occulte
903 3041 1099 3110 parasti
1137 3040 1475 3097 discessum?
1516 3042 1605 3096 27.

55 3129 168 3182 iam
196 3130 238 3184 si
263 3131 614 3187 annuntiasses
642 3132 767 3185 mihi
792 3174 805 3197 ,
838 3149 951 3185 cum
978 3150 1160 3204 magno
1187 3134 1376 3189 honore
1399 3145 1445 3189 et
1474 3136 1607 3189 [teti-

56 3223 98 3273 ἀ
122 3223 325 3292 fuissem
351 3233 397 3277 te
421 3234 768 3293 prosequutus.
800 3225 1086 3280 Enimvero
1115 3226 1159 3279 si
1184 3226 1286 3284 hoc
1308 3227 1606 3296 scivissem,

56 3312 153 3365 Sum
181 3314 380 3367 musicis
399 3355 413 3379 ,
446 3324 492 3367 et
521 3317 772 3385 tympanis
806 3326 853 3369 et
883 3316 1079 3369 cithara
1125 3327 1456 3387 prosequatur
1484 3318 1609 3385 fuis-

55 3422 127 3457 em
147 3414 209 3457 te.
234 3404 321 3459 28.
346 3403 464 3458 Non
479 3422 591 3459 sum
616 3406 800 3477 dignus
825 3407 1024 3462 habitus
1047 3408 1265 3461 osculari
1282 3408 1418 3476 ﬁlias
1439 3424 1607 3463 meas:

60 3513 161 3548 unc
195 3506 363 3550 autem
405 3497 696 3566 insipienter
736 3498 898 3568 egisti.
942 3497 1105 3553 Vides
1155 3499 1424 3569 quomodo
1468 3514 1608 3555 nunc

55 3586 372 3655 emetipsum
410 3589 604 3657 arguit,
654 3597 708 3642 et
751 3605 846 3657 per
889 3588 1120 3659 linguam
1166 3604 1316 3644 suam
1372 3589 1604 3657 fatetur,

55 3694 146 3733 ese
174 3678 385 3748 quidem
406 3680 609 3749 justum
629 3680 767 3735 male
791 3682 1004 3737 allicere
1032 3690 1271 3751 paratum
1298 3682 1481 3750 fuisse,
1516 3684 1606 3739 Dci

59 3778 204 3823 utem
237 3770 620 3837 providentiam
642 3812 657 3837 ,
688 3786 718 3825 a
746 3772 1020 3828 molimine
1048 3788 1144 3827 suo
1172 3773 1344 3842 ipsum
1378 3774 1606 3843 impedi-

62 3859 188 3913 isse.
214 3859 302 3916 29.
332 3859 528 3927 Potest,
558 3862 747 3931 inquit,
778 3878 959 3917 manus
983 3879 1091 3916 mea
1113 3872 1161 3917 te
1192 3864 1443 3935 aﬂligere;
1467 3862 1607 3919 Deus

56 3960 191 4005 atem
219 3953 377 4021 patris
403 3953 477 4006 tui
504 3953 613 4007 heri
635 3954 759 4007 mihi
784 3954 911 4009 dixit
929 3972 949 4009 :
977 3955 1106 4010 Cave
1129 3956 1215 4009 tibi
1245 3957 1362 4026 ipsi,
1394 3974 1456 4011 ne
1478 3962 1608 4028 forte

56 4044 245 4112 ignaris
273 4061 387 4098 cum
409 4044 570 4099 Jacob
594 4048 747 4099 mala.
780 4045 963 4117 Cogita
993 4048 1076 4103 hic
1103 4058 1298 4119 quanta
1324 4066 1442 4106 cum
1478 4067 1607 4106 con-

55 4135 281 4192 olatione
300 4136 429 4208 justi
460 4137 652 4193 emissa
680 4137 877 4194 fuerint
903 4140 1018 4195 haec
1043 4142 1223 4206 verba,
1247 4151 1301 4197 et
1326 4143 1605 4199 considera

56 4228 290 4283 uomodo
316 4230 402 4284 hic
427 4229 618 4286 etiatur
643 4247 761 4301 qua:
787 4232 1045 4288 adversus
1065 4234 1265 4303 justum
1288 4235 1602 4301 decreverit,

55 4332 69 4375 t
89 4322 320 4392 qualiter
338 4339 459 4378 eum
481 4324 937 4395 comprehendere
960 4327 1199 4391 voluerit,
1226 4343 1390 4398 seque
1417 4329 1606 4385 timore

55 4416 113 4470 tei
136 4431 165 4468 a
197 4416 350 4471 malis
375 4418 612 4473 consiliis
636 4417 927 4474 cohibitum
958 4419 1141 4475 fuisse.
1164 4420 1301 4474 Deus
1329 4423 1487 4489 patris
1509 4424 1602 4490 tui,

56 4508 208 4576 iquit.
242 4506 371 4563 Vide
395 4508 663 4578 quomodo
684 4509 796 4578 ipse
820 4509 1001 4564 Lahan
1024 4526 1127 4564 non
1156 4527 1342 4580 parum
1367 4514 1606 4568 utilitatis

56 4600 143 4651 inc
164 4599 495 4668 perceperit,
527 4600 813 4653 maximam
839 4615 905 4655 ex
936 4600 998 4654 iis
1024 4616 1143 4670 qua:
1181 4601 1282 4655 sibi
1321 4602 1460 4657 dicta
1488 4603 1604 4659 fue-

56 4701 144 4746 snt
171 4692 381 4747 virtutis
411 4693 505 4746 Dei
539 4692 809 4762 accipiens
849 4692 1377 4750 demonstrationem.
1411 4697 1603 4752 Verum

55 4786 137 4838 nia
158 4793 213 4840 et
229 4794 304 4849 tu,
327 4784 517 4855 inquit,
538 4785 637 4841 hoc
654 4784 959 4854 decrevisti,
979 4796 1032 4843 et
1049 4787 1190 4843 Deus
1204 4797 1286 4843 est
1301 4790 1387 4859 qui
1406 4799 1603 4845 tantam

55 4879 89 4931 ii
113 4893 293 4932 curam
308 4880 466 4949 gerit,
488 4878 577 4934 30.
603 4877 757 4933 Nunc
774 4879 928 4949 igitur
946 4878 1106 4934 vade:
1129 4897 1311 4951 magno
1332 4883 1462 4935 enim
1479 4883 1605 4936 desi-

56 4974 154 5026 erio
178 4972 477 5027 desiderasti
490 4973 630 5026 abire
644 4973 696 5026 in
712 4972 916 5026 domum
933 4973 1092 5043 patris
1105 4974 1198 5027 tui.
1226 4974 1391 5038 Quare
1406 4974 1605 5042 furatus

55 5084 60 5112 ι
81 5063 204 5117 deos
226 5080 359 5117 meos
375 5063 571 5130 P-Esto,
599 5063 801 5133 inquit;
830 5064 931 5119 hoc
951 5064 1256 5120 decreveris
1280 5075 1334 5119 ut
1358 5066 1518 5121 abeas
1548 5066 1601 5121 in

56 5171 230 5209 omum
248 5154 412 5225 patris
422 5155 494 5209 tui
512 5172 523 5207 :
553 5169 716 5225 quare
730 5154 860 5210 deos
877 5169 1025 5211 meos
1039 5156 1239 5210 furatus
1253 5157 1346 5210 es?
1365 5157 1409 5211 0
1426 5156 1603 5226 ingen-

56 5265 116 5301 m
134 5246 520 5316 insipientiam!
546 5247 747 5304 talesne
766 5258 887 5303 sunt
905 5247 979 5301 dii
1000 5247 1097 5315 tui,
1112 5256 1168 5303 ut
1186 5247 1309 5318 quis
1321 5263 1416 5303 eos
1435 5248 1599 5304 furari

56 5350 168 5397 teat
189 5341 213 5395 Ἰ
236 5340 351 5394 Νοιι
379 5339 655 5395 erubescis
690 5338 906 5404 dicens,
939 5340 1109 5405 Quare
1147 5342 1344 5411 furatus
1388 5357 1441 5394 es
1480 5340 1600 5394 deos

57 5434 184 5487 eos?
214 5431 345 5488 \lidc
371 5441 567 5501 quanta
596 5430 697 5486 fuit
733 5432 932 5487 erroris
956 5432 1195 5502 gravitas
1220 5472 1235 5498 ,
1285 5432 1410 5487 dum
1441 5433 1477 5487 ii
1507 5433 1599 5502 qui

55 5528 219 5580 itione
249 5523 456 5593 praediti
489 5532 664 5591 erant,
707 5523 959 5581 colebant
1002 5522 1204 5594 lapides
1241 5533 1296 5580 et
1339 5525 1498 5595 ligna.
1531 5524 1613 5581 Ili.

70 5634 87 5661 ι
122 5628 239 5677 Haec
274 5626 424 5676 verba
448 5664 461 5686 ,
505 5627 580 5677 illi
632 5640 749 5677 vero
782 5626 913 5689 feras
954 5624 1250 5680 immanitate
1291 5636 1609 5690 superarunt,

55 5692 155 5759 ὸτοί⁹
186 5691 328 5801 Benaci
350 5692 446 5737 τῶν
471 5691 641 5754 θηρίων
682 5691 813 5754 αὐτῷ
862 5690 1019 5751 χεῖρον
1068 5692 1311 5755 Etélmxatv,
1339 5693 1515 5741 desunt
1552 5692 1603 5743 in

64 5760 189 5804 ullis
271 5767 336 5800 ss.

3191 273 3295 331 50¢

1717 393 1839 439 sunt
1865 383 1936 461 dii
1966 388 2074 453 tui,
2105 402 2140 441 ο
2170 386 2371 453 Lahmr,
2400 387 2490 457 qui
2519 402 2690 458 neque
2715 402 2836 443 cum
2861 388 3079 443 iuraturi
3101 404 3159 445 se
3180 391 3297 458 qui-

1712 478 2026 544 damerant,
2047 480 2234 549 juvare
2255 481 2658 549 sepotuerunt?
2682 481 2781 547 Qui
2807 481 2949 537 enim
2973 492 3186 550 possent
3206 484 3317 550 qui.

1713 585 1743 623 e
1776 569 1947 639 lapide
1970 579 2094 625 sunt
2118 571 2385 626 confecti?
2424 572 2565 627 Deus
2602 580 2780 627 autem
2817 572 2987 641 justi,
3018 573 3299 641 ignorante

1709 660 1854 729 justo
1873 702 1888 727 ,
1918 661 2173 729 impetum
2199 671 2347 717 tuum
2371 663 2627 719 coercuit.
2658 663 2726 717 Et
2745 678 2852 718 non
2877 664 3078 733 cogitas
3098 666 3298 720 erroris

1714 752 2150 821 magnitudinem,
2198 762 2253 808 et
2279 752 2483 823 justum
2527 754 2652 809 furti
2690 755 2911 823 arguis?
2938 754 3113 823 Quare
3155 757 3299 811 enim

1708 841 1885 912 justus
1915 842 2036 909 illos
2059 843 2224 898 furari
2252 844 2541 909 voluisset,
2568 845 3158 915 quos-abominabatur,
3187 845 3297 901 imo

1712 949 1847 1004 quos
1890 934 2093 989 sciebat
2119 949 2239 990 esse
2278 950 2445 991 sensu
2468 951 2665 992 vacuos
2711 936 2959 1008 lapides?
2987 939 3153 993 Porro
3183 930 3297 993 lucc

1710 1039 1833 1087 cum
1877 1025 2113 1080 audisset
2156 1025 2341 1093 .laeob,
2391 1026 2619 1097 primum
2664 1043 2851 1099 magna
2893 1029 3303 1091 mansuetndan

1710 1118 1780 1171 de
1800 1117 2442 1187 objectiscriminibusse
2471 1130 2677 1190 purgat,
2711 1129 2765 1175 et
2793 1130 2917 1176 tunc
2947 1133 3002 1176 ut
3030 1123 3299 1193 inquiran»

1714 1216 1798 1263 tur
1827 1208 1899 1262 dii
1938 1209 2107 1277 jubet.
2134 1209 2223 1265 3i.
2255 1208 2378 1263 Dixi
2418 1210 2587 1277 enim,
2617 1211 2809 1282 inquit,
2838 1229 2901 1267 ne
2929 1217 3057 1283 forte
3091 1217 3298 1285 auferas

1712 1299 1847 1368 ﬁlias
1873 1309 1984 1353 tuas
2010 1317 2042 1352 a
2066 1317 2161 1367 me,
2193 1312 2239 1355 et
2267 1303 2594 1355 omnia'mea.
2626 1301 2782 1370 Quia,
2817 1303 3018 1373 inquit,
3050 1305 3297 1360 videbam

1714 1398 1766 1445 te
1809 1405 1914 1444 non
1946 1389 2083 1446 bene
2121 1406 2258 1461 erga
2293 1408 2384 1447 me
2420 1392 2704 1458 allectum,
2733 1394 2922 1449 anxius
2963 1394 3033 1447 fui
3063 1410 3131 1450 ne
3162 1394 3299 1450 forte
3336 1422 3345 1429 -

1712 1484 1985 1539 eonareris
2013 1484 2221 1540 auferre
2251 1485 2384 1540 ﬁlias
2413 1494 2612 1541 tuaset
2640 1486 2914 1542 facultates
2940 1502 3108 1550 meas,
3136 1498 3298 1558 atquc

1715 1575 1924 1644 privare
1962 1591 2049 1631 me
2087 1576 2245 1642 meis,
2273 1576 2413 1631 sicut
2455 1576 2719 1647 quondam
2768 1578 2957 1632 leciSti.
3010 1577 3110 1631 Ista
3142 1578 3299 1648 igitur

1712 1680 1873 1721 causa
1900 1666 2105 1721 timoris
2130 1665 2253 1722 fecit
2273 1707 2288 1731 ,
2322 1674 2379 1721 ut
2406 1666 2544 1722 clam
2573 1676 2625 1721 te
2649 1667 2871 1722 abirem.
2900 1667 3165 1722 (holerum
3205 1667 3294 1723 5‘2.

1713 1756 1865 1825 Apud
1889 1773 2034 1827 quem
2059 1758 2306 1811 inveneris
2332 1758 2450 1811 deos
2476 1768 2606 1824 tuos,
2636 1774 2736 1811 non
2764 1759 2890 1811 viret
2919 1774 3089 1810 coram
3118 1757 3296 1827 fratri.

1710 1849 1805 1903 bus
1842 1849 2047 1907 nostris.
2076 1849 2234 1903 Vides
2259 1849 2535 1919 ignorasse
2578 1848 2744 1903 Jacob
2787 1849 2980 1902 furtum
3007 1864 3037 1901 a
3067 1847 3300 1903 Rachelc

1712 1942 2076 1998 commissum.
2098 1941 2234 1997 Vide
2262 1941 2404 1997 enim
2431 1951 2627 2011 quanta
2649 1941 2958 1996 austeritate
2981 1940 3298 2011 supplicium

1712 2034 1952 2090 decernit
1975 2033 2026 2089 ei
2046 2034 2135 2104 qui
2166 2034 2361 2089 furtum
2391 2032 2702 2088 admiserat.
2730 2031 2885 2101 Apud
2910 2049 3076 2102 quem,
3105 2031 3298 2102 inquit,

1711 2128 1900 2182 inventi
1928 2124 2135 2197 fuerint,
2177 2142 2276 2180 non
2302 2127 2423 2181 vivet
2450 2142 2621 2179 coram
2661 2124 2900 2195 fratribus
2926 2126 3130 2179 nostris.
3181 2124 3307 2178 Non

1712 2217 1884 2272 solum
1906 2258 1922 2283 ,
1953 2218 2162 2287 inquit,
2192 2217 2315 2285 quia
2344 2216 2578 2271 ablatum
2607 2227 2711 2281 est,
2741 2216 2834 2271 sed
2863 2225 2918 2271 et
2955 2215 3075 2286 quia
3105 2216 3300 2270 furtum

1712 2310 1803 2383 qui
1834 2310 2038 2377 fecerit,
2070 2310 2411 2366 manifestum
2436 2311 2518 2365 sui
2543 2310 2729 2380 ﬂagitii
2761 2310 3011 2365 indicium
3042 2308 3296 2378 proferet.

1714 2404 1862 2460 Scias
1887 2405 1930 2458 si
1955 2402 2078 2474 quid
2107 2412 2178 2457 est
2208 2412 2409 2457 tuorum
2433 2402 2573 2470 apud
2602 2418 2699 2466 me,
2718 2411 2770 2455 et
2792 2402 2983 2471 accipe.
3012 2401 3308 2465 Scrutare,

1713 2496 1903 2567 inquit,
1937 2511 2062 2549 num
2104 2493 2231 2563 quid
2270 2492 2582 2548 abstulerim
2616 2492 2759 2562 quod
2784 2491 2850 2546 ad
2882 2506 2967 2546 me
2993 2506 3097 2545 non
3141 2490 3301 2559 pesti.-

1715 2588 1909 2641 nuerit.
1937 2584 2076 2640 Nihil
2102 2583 2244 2639 aliud
2281 2587 2334 2638 in
2360 2598 2445 2638 me
2465 2598 2689 2653 arguere
2718 2582 2938 2652 poteris,
2972 2597 3132 2650 quam
3155 2582 3299 2651 quod

1713 2678 1849 2733 clam
1876 2676 2096 2731 abierim
2121 2691 2134 2728 :
2164 2683 2218 2730 et
2240 2675 2340 2728 hoc
2373 2688 2481 2728 non
2511 2682 2700 2744 sponte
2731 2672 2851 2737 feci,
2878 2672 2972 2727 sed
2996 2674 3297 2741 suspicatus

1713 2768 2048 2837 injustitiam,
2077 2774 2157 2857 et”
2161 2767 2355 2819 timens
2381 2780 2449 2819 ne
2476 2764 2640 2818 velles
2666 2762 2878 2818 auferre
2910 2764 3043 2817 tilias
3073 2771 3212 2828 tuas,
3245 2771 3299 2815 ct

1712 2860 1843 2913 alias
1870 2873 2016 2913 meas
2047 2854 2326 2911 facultates
2346 2897 2363 2924 ,
2393 2855 2438 2910 si
2474 2854 2526 2909 id
2571 2855 2818 2910 rescires.
2864 2854 2932 2908 Et
2960 2871 3060 2908 non
3097 2854 3310 2925 agnovit.

1712 2949 1851 3021 apud
1879 2965 1994 3003 eum
2018 2947 2232 3018 aliquid.
2266 2945 2534 3001 Nesciebat
2558 2956 2725 3000 autem
2746 2945 2908 3000 Jacob
2936 2946 3070 3015 quod
3104 2945 3299 2999 Rachel

1712 3057 1842 3096 uxor
1867 3057 1959 3094 sua
1989 3040 2159 3109 furata
2187 3039 2363 3108 fuisset
2388 3054 2492 3093 eos.
2524 3038 2613 3093 55.
2644 3036 2909 3108 Ingressus
2932 3048 3100 3091 autem
3120 3037 3298 3091 Labou

1713 3141 1964 3187 scrutatus
1991 3140 2063 3184 est
2093 3130 2296 3184 domum
2323 3128 2432 3184 Liw
2451 3171 2467 3195 ,
2496 3138 2543 3183 et
2567 3145 2668 3182 non
2693 3130 2896 3182 invenit.
2936 3128 3202 3199 Ingressus
3226 3139 3300 3182 est

1712 3233 1877 3277 autent
1919 3232 1965 3276 et
2008 3223 2062 3275 in
2101 3221 2307 3275 domum
2344 3220 2556 3273 Rachel.
2597 3220 2686 3275 54.
2725 3220 2917 3273 Rachel
2949 3236 3064 3274 vero
3107 3221 3300 3289 accepit

1712 3315 1869 3380 idola,
1897 3324 1942 3368 et
1969 3313 2135 3384 posuit
2163 3329 2223 3365 ea
2246 3312 2414 3367 subter
2438 3322 2710 3365 stramenta
2738 3312 3066 3375 camelorum,
3096 3321 3142 3365 et
3170 3312 3300 3365 sedit

1712 3424 1862 3479 super
1903 3424 1981 3463 ea.
2015 3407 2081 3462 Et
2118 3406 2248 3460 dixit
2292 3407 2544 3475 patrisuo
2567 3419 2587 3459 :
2616 3405 2704 3460 55.
2748 3402 2831 3458 Ne
2873 3406 3091 3474 graviter
3138 3404 3296 3472 feras,

1712 3502 1913 3556 domine
1936 3501 2005 3554 mi
2028 3516 2046 3554 :
2073 3516 2174 3553 non
2204 3515 2407 3570 possum
2435 3514 2639 3567 surgere
2663 3514 2835 3551 coram
2866 3508 2941 3564 te,
2970 3496 3090 3566 quia
3115 3512 3298 3553 secun-

1713 3596 1831 3648 dum
1857 3594 2265 3649 consuetudinem
2289 3592 2555 3645 mulierum
2582 3591 2705 3644 mihi
2724 3600 2815 3644 est.
2841 3591 3111 3646 Scrutatur
3130 3600 3299 3645 autem

1712 3697 1784 3742 cst
1811 3685 1987 3740 Laban
2007 3686 2061 3739 in
2085 3694 2187 3739 tota
2206 3685 2356 3739 domo
2377 3684 2505 3754 ejus,
2538 3692 2583 3737 et
2608 3699 2706 3737 non
2737 3683 2940 3737 invenit.

1786 3779 1839 3833 6.
1882 3778 2069 3848 Magna
2115 3775 2364 3831 liachelis
2411 3774 2648 3840 solertia,
2693 3789 2786 3842 per
2830 3789 2987 3842 quam
3044 3771 3300 3828 deludere

1712 3870 1884 3942 pctuit
1911 3868 2207 3924 Labanum.
2235 3865 2469 3921 Andiant
2507 3865 2597 3936 qui
2645 3864 2822 3919 adhuc
2867 3864 3140 3919 erroribus
3175 3872 3299 3919 sunt

1711 3962 1932 4029 addicti,
1981 3969 2037 4016 et
2083 3958 2439 4014 idololatriam
2494 3956 2671 4027 magni
2727 3955 2945 4010 faciunt.
3009 3954 3199 4010 Posuit
3240 3972 3331 4010 es.

1711 4056 1878 4111 subter
1904 4062 2181 4109 stramenta
2208 4053 2538 4117 camelorum,
2592 4051 2784 4119 inquit,
2829 4060 2874 4103 et
2892 4050 3018 4103 sedit
3040 4066 3191 4118 super
3218 4067 3297 4105 ea.
3325 4101 3339 4109 ,_

1711 4148 1847 4217 Quid
1875 4147 1965 4219 his
1988 4148 2156 4217 magis
2180 4145 2463 4201 ridiculum
2483 4145 2507 4197 ἲ
2527 4144 2627 4211 Qui
2654 4145 2862 4217 ratione
2893 4143 3095 4213 prazditi
3123 4153 3296 4207 erant,

1712 4250 1766 4295 et
1808 4248 2007 4294 tantam
2055 4236 2420 4293 misericordia
2453 4236 2546 4291 Dei
2586 4236 2857 4304 assequuti
2897 4236 3106 4289 fuerant
3128 4235 3300 4306 digni-

1713 4340 1873 4385 tatem
1899 4373 1914 4397 ,
1968 4317 2170 4399 lapides
2211 4342 2375 4383 sensu
2415 4339 2610 4380 vacuos
2649 4334 2838 4396 putant
2874 4325 3127 4380 colendos
3157 4344 3169 4381 :
3203 4344 3300 4382 nec

1713 4421 1875 4493 pudet
1903 4436 2017 4486 cos,
2048 4434 2147 4474 nec
2173 4428 2372 4473 tantam
2394 4431 2580 4472 secum
2612 4425 2861 4486 reputant
2889 4416 3296 4481 absurditatcm,

1712 4515 1807 4570 sed
1832 4529 1863 4568 a
1891 4511 2283 4568 consuetudine
2327 4509 2476 4581 quasi
2505 4523 2635 4563 oves
2681 4507 3057 4563 abducuntur?
3100 4507 3299 4562 Idcirco

1714 4601 1906 4657 Paulus
1934 4615 2144 4670 quoque
2165 4598 2404 4654 scribens
2428 4596 2640 4653 dicebat
2672 4613 2685 4650 :
2715 4593 2871 4651 Scitis
2898 4595 3102 4666 quando
3128 4603 3299 4665 gentes

1715 4696 1894 4761 eratis,
1950 4695 2018 4747 ad
2060 4694 2199 4748 idola
2249 4704 2389 4746 muta
2434 4701 2702 4761 utcumque
2750 4690 3093 4744 ducebamini.
3130 4697 3298 4743 euntes

1715 4790 1790 4861 (λι.
1818 4789 1938 4845 Cor.
1965 4788 2050 4842 12.
2080 4787 2162 4858 2).
2198 4787 2262 4841 Et
2287 4795 2431 4841 recte
2451 4785 2606 4850 dixit,
2639 4784 2805 4838 Muta.
2836 4782 2937 4850 Qui
2963 4796 3173 4848 vocem,
3212 4781 3297 4835 in—

1709 4883 1840 4951 quit,
1876 4880 2083 4936 habetis
2102 4887 2157 4935 et
2192 4894 2365 4942 aures,
2394 4886 2450 4933 et
2474 4876 2696 4932 rationis
2720 4876 2851 4930 estis
2890 4873 3195 4945 participes,
3225 4872 3299 4926 ad

1709 4989 1770 5029 ea
1796 4989 1914 5044 quae
1957 4972 2165 5027 nullum
2201 4986 2416 5027 sensum
2454 4969 2669 5034 habent,
2700 4969 2838 5022 sicut
2882 4966 3037 5020 bruta
3072 4963 3303 5018 abduci-

1708 5066 1858 5121 mini.
1917 5065 1985 5119 Et
2032 5065 2244 5134 qualem
2287 5062 2377 5132 qui
2406 5060 2540 5115 tales
2575 5069 2700 5115 sunt
2739 5057 2945 5113 veniant
2976 5053 3293 5110 merentur!

1706 5156 1812 5213 Sed
1845 5155 2118 5210 videamus
2139 5152 2405 5224 quomodo
2426 5152 2602 5220 justus
2643 5163 2787 5204 nunc
2833 5147 3081 5201 fiduciam
3126 5158 3291 5200 accc-

1707 5250 1864 5320 perit,
1898 5248 2087 5317 partim
2128 5261 2198 5301 ex
2246 5245 2308 5298 iis
2334 5258 2453 5313 quze
2506 5240 2687 5298 Laban
2727 5238 3004 5295 confessus
3029 5248 3133 5303 est,
3166 5252 3289 5307 par-

1709 5342 1799 5395 tim
1843 5338 2095 5410 quoniam
2164 5335 2367 5392 nullum
2421 5333 2625 5389 crimen
2672 5342 2856 5388 contra
2902 5345 2961 5386 se
3014 5331 3299 5386 invenerat

1706 5432 2121 5503 reprehensione
2171 5430 2386 5501 dignum
2416 5469 2432 5495 ,
2464 5426 2589 5499 quid
2640 5424 2817 5481 dicit?
2864 5423 2951 5480 56.
2999 5420 3171 5475 Iratus
3219 5431 3292 5480 est

1703 5535 1897 5592 autem,
1922 5524 2111 5594 inquit,
2160 5521 2345 5590 Jacob,
2375 5532 2421 5576 et
2446 5520 2701 5575 contendit
2731 5533 2847 5571 cum
2886 5515 3082 5580 Laban,
3136 5524 3185 5567 et
3205 5514 3294 5566 di-

1702 5621 1796 5673 :cit.
1821 5615 1954 5671 Vide
2003 5614 2271 5685 quomodo
2318 5614 2479 5669 etiam
2523 5608 2911 5681 expostulando
2939 5608 3131 5662 animm
3177 5620 3300 5663 sua:

1710 5710 1959 5767 virtutem
1988 5708 2204 5780 detegit.
2256 5706 2383 5777 Qua:
2416 5706 2664 5777 injustitia
2694 5719 2825 5772 mea,
2854 5702 2929 5757 vel
2956 5700 3089 5772 quod
3114 5714 3314 5770 pecco»
