3730 6290
388 267 494 323 505

379 393 483 435 tum
523 398 709 449 meum,
757 381 949 452 inquit,
995 383 1130 451 quod
1168 392 1495 451 persequutus
1517 400 1570 437 es
1598 385 1716 439 me?
1767 384 1965 452 Quare,

377 474 567 543 inquit,
602 483 749 527 tanto
776 473 976 542 impetu
1008 471 1296 526 insectatus
1334 487 1395 526 es
1442 474 1571 527 me?
1623 475 1834 543 qualem
1886 476 1970 530 in-

378 566 631 632 iustitiam
685 566 813 620 mihi
864 574 1014 634 potes
1059 564 1427 635 exprobrare?
1465 566 1621 634 quale
1652 571 1971 635 peccatum?

375 662 560 733 Neque
586 664 637 717 id
689 664 841 725 satis,
867 664 969 718 nisi
1017 674 1070 718 et
1103 672 1303 719 tantam
1347 666 1812 736 superinduxisses
1835 679 1968 719 con-

378 755 671 814 tumeliam,
716 764 769 809 ut
801 757 1117 810 serutareris
1142 756 1320 810 omnia
1369 773 1487 826 quae
1533 758 1586 811 in
1627 756 1788 810 domo
1828 769 1967 809 mea.

379 847 471 900 57.
503 845 637 911 Quid
677 846 907 900 invenisti
934 847 997 901 de
1022 847 1253 901 omnibus
1279 849 1411 902 vasis
1446 864 1557 918 qua:
1582 848 1636 902 in
1662 849 1809 901 domo
1836 856 1925 899 tua
1945 847 1971 900 .9

384 935 529 989 Pone
557 938 637 989 ltic
665 953 838 991 coram
869 938 1110 1008 fratribus
1140 940 1239 993 tuis
1264 950 1310 992 et
1331 939 1578 1009 fratribus
1617 939 1761 1003 meis,
1806 947 1851 993 et
1879 939 1969 1007 ju-

372 1028 545 1083 dicent
573 1031 703 1082 inter
728 1048 819 1083 nos
848 1031 997 1084 duos.
1030 1031 1220 1098 Tanto,
1276 1032 1464 1100 inquit,
1513 1031 1771 1086 scrutinio
1802 1029 1963 1096 facto,

382 1122 670 1189 patuistine
725 1121 922 1190 aliquid
972 1121 1212 1177 invenire
1256 1123 1398 1193 quod
1441 1123 1507 1175 ad
1560 1138 1646 1177 me
1681 1137 1788 1176 non
1844 1122 1968 1176 atti-

377 1221 522 1272 neat.
579 1213 659 1266 vel
687 1213 827 1282 quod
859 1222 1005 1268 tuum
1037 1214 1145 1267 sit?
1171 1212 1225 1269 Si
1253 1214 1521 1279 invenisti,
1548 1213 1727 1284 profer
1772 1214 1823 1267 in
1853 1229 1969 1269 me-

378 1306 546 1370 dium,
588 1315 643 1359 ut
700 1307 789 1375 qui
832 1308 917 1361 hic
960 1307 1156 1362 adsunt
1199 1308 1337 1376 apud
1382 1323 1469 1363 me
1510 1317 1563 1361 et
1598 1317 1671 1373 te,
1705 1307 1965 1376 judicium

388 1399 635 1451 reddant.
681 1397 942 1465 Quoniam
969 1399 1101 1453 vidit
1126 1414 1185 1453 se
1215 1400 1540 1468 inculpatum
1585 1401 1635 1452 in
1677 1398 1923 1453 omnibus
1950 1440 1962 1460 ,

380 1504 569 1559 magna
601 1499 810 1558 sumpta
844 1489 1054 1553 fiducia,
1105 1500 1383 1544 enumerat
1423 1490 1677 1544 beneficia
1722 1504 1840 1558 qnte
1893 1488 1966 1542 illi

376 1594 475 1647 per
514 1594 671 1633 omne
719 1590 925 1649 tempus
973 1580 1230 1647 exhibuit,
1282 1590 1335 1635 et
1383 1581 1552 1649 inquit
1584 1598 1599 1634 :
1633 1580 1721 1634 58.
1754 1579 1820 1633 Hi
1851 1589 1968 1633 sunt

378 1670 554 1738 uiginti
577 1671 698 1723 αιιηὶ
716 1713 730 1735 ,
762 1674 940 1741 quibus
967 1681 1126 1726 tecum
1152 1689 1283 1725 sum.
1352 1672 1455 1727 Pro
1482 1672 1662 1726 labore
1689 1680 1767 1725 tot
1795 1686 1965 1725 anno-

380 1776 520 1828 rum,
546 1761 765 1819 haeeine
794 1765 982 1835 dignus
1011 1781 1157 1820 eram
1186 1766 1542 1821 contumelia?
1567 1765 1636 1819 Hi
1656 1767 1780 1819 milii
1795 1765 1969 1836 viginti

380 1856 524 1908 anui.
578 1855 746 1911 llodie
784 1858 970 1928 viginti
1017 1873 1279 1913 annorum
1320 1857 1583 1929 complevi
1613 1859 1665 1912 in
1690 1858 1850 1914 domo
1879 1868 1967 1911 tua

378 1962 682 2001 numerum.
715 1948 845 2002 Oves
872 1960 973 2002 tum
1000 1960 1045 2003 et
1072 1966 1240 2022 caprae
1260 1961 1360 2004 tua:
1383 1951 1577 2005 steriles
1600 1967 1702 2004 non
1731 1954 1962 2022 fuerunt,

377 2039 559 2092 arietes
584 2041 748 2094 ovium
776 2051 977 2095 tuarum
1002 2061 1103 2097 non
1129 2045 1323 2099 comedi
1354 2061 1373 2099 :
1399 2045 1489 2101 59.
1544 2056 1750 2114 captum
1789 2062 1820 2099 a
1854 2045 1966 2115 fera

378 2128 468 2181 tibi
496 2146 595 2183 non
624 2132 790 2185 attuli.
827 2131 937 2202 Ego
966 2136 1189 2204 satisfeci
1219 2135 1280 2189 de
1299 2152 1426 2198 meo,
1457 2135 1593 2205 furta
1622 2135 1723 2188 diei
1753 2146 1798 2189 et
1827 2135 1966 2205 furta

382 2222 567 2276 noctis.
589 2222 677 2277 40.
711 2222 809 2278 Die
833 2222 1016 2279 urebar
1039 2238 1186 2291 azstu,
1212 2235 1259 2281 et
1286 2237 1432 2281 nocte
1454 2229 1589 2298 gelu,
1613 2237 1659 2282 et
1685 2228 1967 2282 discedebat

378 2328 587 2367 somnus
624 2315 688 2368 ab
736 2318 895 2372 oculis
940 2319 1080 2373 meis.
1121 2318 1329 2375 Oblitus
1357 2334 1433 2384 es,
1484 2321 1673 2392 inquit,
1725 2322 1963 2376 laborum

380 2416 518 2471 quos
562 2406 828 2461 exantlavi
875 2424 1100 2478 pascens
1145 2425 1274 2465 oves
1324 2419 1441 2465 tuas
1484 2420 1539 2466 et
1574 2412 1802 2482 capras?
1830 2412 1963 2467 Num

382 2503 533 2562 potes
554 2511 781 2565 arguere
813 2500 953 2569 quod
983 2516 1231 2571 umquam
1261 2516 1389 2556 oves
1417 2503 1498 2556 vel
1528 2518 1700 2572 captae
1729 2512 1830 2557 tua:
1852 2503 1967 2559 fue-

378 2585 490 2641 rint
516 2589 760 2645 steriles?
813 2592 946 2647 Vide
974 2605 1226 2663 quantam
1250 2594 1581 2650 demonstrat
1605 2610 1634 2648 a
1664 2596 1772 2651 Deo
1801 2596 1965 2652 bene-

380 2675 667 2733 volentiam
705 2683 990 2751 contigisse
1032 2685 1212 2740 domui
1241 2684 1418 2740 Laban
1447 2696 1664 2755 propter
1692 2705 1845 2744 suum
1871 2690 1968 2744 ad-

380 2777 619 2823 ventum.
654 2771 767 2827 lloe
791 2775 933 2828 enim
962 2788 1042 2831 est
1074 2778 1125 2833 id
1155 2779 1296 2849 quod
1326 2791 1381 2837 et
1406 2798 1565 2855 supra
1584 2783 1795 2839 dicebat
1826 2801 1839 2837 :
1870 2781 1966 2837 Be-

374 2858 574 2912 ‘uedixit
599 2871 647 2914 te
669 2861 806 2917 Deus
832 2866 901 2918 ad
927 2868 1104 2937 pedem
1131 2887 1316 2926 meum.
1367 2873 1479 2929 Hoc
1526 2877 1669 2929 enim
1718 2876 1893 2929 nullus
1934 2889 1966 2929 a

382 2958 596 3015 pastore
638 2953 894 3023 exigeret.
942 2956 1126 3029 Neque
1165 2963 1305 3017 enim
1359 2966 1639 3034 pastoralis
1685 2967 1813 3020 artis
1865 2966 1967 3021 hoc

382 3056 514 3108 opus
543 3053 643 3108 est,
674 3047 767 3102 sed
794 3059 1018 3108 natura}.
1065 3053 1355 3124 Propterea
1377 3068 1502 3115 ante
1530 3061 1708 3115 omnia
1740 3061 1841 3116 hoc
1868 3077 1964 3130 po-

383 3131 480 3192 nit,
523 3136 961 3210 providentiaque
985 3158 1215 3213 superna
1239 3146 1432 3203 factum
1463 3150 1565 3206 hoc
1595 3151 1758 3207 fuisse
1786 3153 1837 3205 in
1873 3166 1974 3222 pec

382 3223 607 3277 cudihus
653 3230 904 3285 ostendit.
948 3234 1141 3290 Arietes
1180 3240 1346 3293 ovium
1384 3251 1585 3295 tuarum
1614 3260 1713 3297 non
1752 3244 1963 3298 comedi.

383 3312 519 3368 Num
550 3326 720 3385 potes,
747 3320 936 3391 inquit,
960 3325 1136 3381 dicere
1164 3329 1304 3398 quod
1331 3330 1618 3402 aliquando
1642 3334 1965 3390 comederint

382 3408 603 3463 arietem
638 3413 702 3466 de
730 3417 977 3485 gregibus
1010 3421 1143 3488 tuis,
1194 3422 1284 3492 qui
1313 3425 1514 3481 scilicet
1551 3427 1837 3482 multorum
1870 3443 1965 3495 pa-

383 3511 588 3556 storum
622 3522 738 3560 mos
762 3508 877 3563 est?
919 3512 962 3563 Α
991 3512 1145 3567 bestia
1170 3527 1374 3586 captum
1408 3534 1508 3573 non
1534 3522 1679 3576 attuli
1703 3522 1807 3575 tibi.
1854 3520 1965 3575 Ne-

383 3610 487 3662 que
534 3597 665 3664 ipse,
714 3599 903 3669 inquit,
959 3605 1246 3675 aliquando
1283 3610 1529 3680 comedi,
1587 3629 1762 3684 neque
1795 3614 1965 3671 bestia

382 3686 669 3755 aliqu:me
714 3706 903 3761 rapere
945 3700 1131 3765 potuit.
1194 3699 1335 3756 Num
1369 3705 1515 3758 attuli
1540 3705 1783 3776 aliquida
1808 3706 1965 3760 bestia

382 3780 630 3871 raptum?
678 3783 870 3839 Annon
909 3790 1144 3857 quotidie
1193 3794 1339 3849 vides
1378 3805 1493 3861 eos;
1536 3799 1730 3868 quibus
1773 3814 1965 3871 greges

380 3870 569 3924 crediti
596 3882 737 3939 sunt,
786 3886 938 3947 capta
980 3894 1011 3933 a
1038 3880 1222 3937 bestiis
1248 3883 1441 3941 afferre
1479 3887 1751 3944 dominis?
1794 3870 1885 3944 At
1910 3899 1965 3944 tu

380 3961 510 4060 nihil
540 3964 642 4019 tale
686 3967 765 4021 vel
815 3969 1182 4029 demonstrare
1218 3978 1302 4031 vel
1331 3979 1563 4049 objicere
1592 3982 1783 4036 factum
1812 3992 1964 4052 potes

381 4053 433 4103 in
466 4053 649 4121 viginti
676 4058 850 4111 annis.
885 4060 949 4113 Et
978 4064 1102 4131 quid
1129 4066 1246 4118 dico
1273 4078 1482 4137 captum
1510 4085 1539 4124 a
1576 4070 1726 4127 fera?
1748 4073 1851 4128 Sed
1878 4089 1964 4129 ne-

380 4157 484 4211 que
512 4146 555 4197 si
587 4145 726 4201 fttrto
750 4148 983 4205 ablatum
1010 4155 1158 4222 quid,
1191 4167 1249 4212 ut
1272 4173 1414 4229 smpe
1436 4164 1715 4233 contingit,
1767 4165 1833 4219 ad
1866 4181 1963 4221 no-

385 4238 554 4337 titiam
590 4252 737 4300 tuam
769 4252 954 4307 venire
980 4257 1161 4309 curavi
1193 4275 1206 4310 :
1237 4259 1329 4313 sed
1359 4275 1458 4329 ego
1482 4277 1578 4329 pro
1604 4262 1667 4318 iis
1705 4279 1823 4334 qua:
1849 4263 1961 4318 fur-

382 4332 476 4383 tim
507 4332 679 4389 ablata
712 4336 923 4395 fuerunt
945 4346 1194 4413 satisfeci,
1240 4350 1352 4404 sive
1382 4352 1469 4407 die
1495 4352 1606 4408 sive
1637 4332 1792 4411 nocte
1817 4357 1960 4411 acci-

380 4421 569 4478 disset.
624 4426 691 4481 Et
737 4444 855 4485 cum
908 4446 1069 4491 tostus
1114 4438 1382 4510 ﬂagraret,
1429 4443 1663 4499 ferebam
1706 4444 1915 4501 fortiter
1942 4488 1958 4514 ,

385 4514 633 4571 similiter
667 4530 722 4575 et
759 4522 923 4595 frigus
970 4530 1163 4597 noctis,
1210 4543 1264 4587 ut
1315 4532 1466 4589 illmsi
1517 4548 1961 4593 conservarentur

380 4624 576 4683 greges
603 4615 675 4669 tui
706 4634 719 4669 :
749 4632 812 4673 ac
841 4635 944 4675 non
973 4622 1075 4676 hoe
1100 4626 1270 4679 solum
1293 4668 1307 4690 ,
1355 4628 1461 4682 sed
1491 4639 1544 4684 et
1582 4631 1695 4698 ipse
1740 4646 1958 4687 somnus

378 4715 604 4775 propter
630 4711 845 4765 multam
880 4728 1059 4768 curam
1091 4715 1396 4773 discedebat
1422 4720 1489 4774 ab
1516 4723 1685 4778 oculis
1715 4724 1869 4778 meis.

454 4795 695 4871 Increpat
728 4806 1030 4875 negligentes
1063 4810 1349 4864 animarum
1387 4823 1631 4883 pastores.
1662 4846 1733 4855 —
1770 4815 1957 4872 Vidisti

378 4894 606 4957 pastoris
632 4896 953 4966 vigilantiam
979 4900 1197 4957 ?vidisti
1226 4904 1484 4959 intentum
1514 4906 1745 4962 studium
1766 4908 1790 4961 ?
1809 4908 1957 4977 Qua-

379 4982 481 5038 lem
528 4986 795 5045 habebunt
855 4995 1249 5050 excusationem
1290 4997 1362 5065 ii,
1434 4999 1627 5069 quibus
1674 5001 1957 5057 rationales

379 5090 566 5146 greges
593 5081 777 5135 crediti
806 5092 945 5148 sunt,
995 5100 1347 5158 magnamque
1375 5105 1481 5160 pra:
1507 5104 1565 5144 se
1593 5090 1765 5146 ferunt
1791 5094 1957 5162 negli-

376 5171 604 5235 gentiam
637 5187 651 5225 :
684 5184 738 5229 et
762 5177 1016 5245 quotidie,
1062 5181 1351 5235 secundum
1411 5183 1741 5252 pr0phetam,
1794 5199 1955 5253 pecu-

376 5261 473 5314 des
501 5263 630 5319 alias
670 5279 903 5323 mactant
952 5270 1175 5341 (Ezcclt.
1204 5274 1291 5327 54.
1323 5272 1464 5344 5-6)
1507 5292 1518 5327 :
1551 5275 1683 5329 alias
1712 5291 1741 5329 a
1771 5275 1955 5332 bestiis

376 5362 558 5419 captas
584 5370 927 5416 contemnunt
958 5380 970 5415 :
1019 5364 1149 5419 alias
1181 5379 1310 5419 vero
1337 5364 1405 5419 ab
1432 5366 1537 5418 illis
1580 5376 1757 5436 raptas
1796 5366 1951 5422 redu-

378 5459 502 5499 eere
550 5463 653 5501 non
688 5464 875 5508 curam
921 5471 935 5514 ;
979 5457 1188 5511 tametsi
1237 5457 1412 5511 minor
1446 5457 1515 5511 sit
1544 5458 1712 5524 labor,
1748 5468 1801 5513 et
1825 5474 1950 5514 cura

380 5537 623 5593 facilior?
666 5545 851 5599 Anima
879 5548 1019 5601 enim
1050 5558 1132 5604 est
1160 5565 1278 5618 quae
1301 5550 1521 5605 docetur
1565 5566 1578 5603 :
1628 5550 1738 5606 illic
1774 5561 1948 5607 autem

379 5628 572 5681 inultus
596 5642 676 5685 est
702 5641 759 5687 et
779 5639 1016 5705 corporis
1042 5649 1095 5693 et
1119 5639 1311 5695 animm
1338 5640 1506 5696 labor.

448 5720 496 5770 7.
542 5721 671 5779 Vide
694 5726 832 5781 enim
871 5729 994 5798 quid
1025 5730 1182 5786 dicat.
1216 5729 1313 5786 Dic
1340 5734 1516 5787 urebar
1541 5745 1664 5788 testu
1689 5772 1705 5798 ,
1746 5744 1790 5788 et
1836 5736 1948 5805 gelu

1058 271 1113 328 S.
1155 269 1431 328 JOANNIS
1467 269 1945 329 CHRYSOSTOMI
1985 271 2300 331 ARClllEP.
2343 275 2877 335 CONSTANTINOP.
3581 286 3665 342 se:

2083 397 2246 451 nocte,
2296 397 2344 442 et
2372 388 2665 444 discedebat
2685 407 2893 445 somnus
2925 407 2957 445 a
2980 408 3078 446 me.
3110 392 3245 461 Quis
3268 395 3395 450 δερ
3426 412 3571 451 nunc
3596 416 3659 467 pe

2070 488 2185 535 test
2213 480 2413 545 dicere,
2464 495 2524 537 se
2564 492 2781 551 propter
2816 497 3004 537 eorum
3034 485 3264 540 salutem
3306 501 3453 555 quos
3486 494 3671 556 pascit,

2080 581 2158 626 tot
2181 572 2320 628 ferre
2350 573 2561 629 labores
2595 583 2650 629 et
2688 575 2969 644 pericula?
3017 577 3083 630 Et
3122 577 3230 632 hoc
3273 578 3513 648 quidem
3554 596 3669 635 nni:

2077 664 2257 719 nullus
2280 664 2458 720 dicere
2493 666 2669 721 audet.
2700 666 2866 721 Paulo
2889 678 3065 722 autem
3093 669 3192 723 soli
3225 670 3385 723 orbis
3432 670 3671 739 magistre

2077 754 2204 811 licet
2249 756 2350 811 hoc
2389 757 2615 812 fidenter
2642 758 2844 826 dicere,
2873 768 3033 829 atque
3059 761 3143 814 his
3172 762 3415 830 majora.
3470 762 3540 816 Et
3584 764 3667 821 ubi

2076 846 2270 916 inquis,
2298 846 2490 902 Paulus
2517 847 2631 903 hmc
2659 849 2951 904 sustinuit?
2995 849 3130 904 Audi
3170 866 3297 905 eum
3350 850 3626 907 dicentem
3662 876 3670 906 :

2079 937 2205 1004 Quis
2234 940 2542 1006 inﬁrmatur,
2571 950 2619 993 et
2653 957 2745 1011 ego
2774 957 2875 995 non
2913 942 3185 1009 iulirmor.’
3214 944 3334 1012 quis
3353 945 3666 998 scandaliza-

2076 1038 2177 1092 tur,
2208 1039 2254 1083 et
2284 1046 2375 1100 ego
2401 1046 2501 1084 non
2528 1047 2649 1085 uror
2698 1032 2773 1100 (Ι.
2804 1031 2925 1087 Cor.
2954 1034 3042 1087 Η.
3069 1033 3164 1103 29)
3186 1034 3212 1086 ?
3257 1033 3307 1089 Ο
3350 1037 3593 1102 pastoris
3619 1040 3669 1090 di.

2074 1117 2392 1175 lectionem!
2442 1120 2647 1175 Alienas
2675 1123 2865 1189 ruinae,
2914 1122 3102 1193 inquit,
3149 1138 3310 1179 meos
3341 1125 3569 1180 dolones
3594 1143 3666 1181 au-

2072 1219 2220 1279 gent,
2245 1211 2414 1265 aliena
2452 1210 2699 1266 scandala
2744 1211 3016 1267 fornacem
3058 1213 3266 1268 doloris
3320 1215 3436 1268 mei
3468 1230 3666 1270 succes-

2072 1303 2225 1357 dunt.
2258 1302 2409 1357 Hunc
2448 1318 2639 1360 omnes
2667 1304 2960 1372 imitentur,
2990 1305 3184 1376 quibus
3211 1306 3531 1360 rationales
3565 1322 3665 1363 oves

2074 1395 2397 1450 concreditae
2423 1405 2565 1462 sunt,
2613 1406 2669 1452 et
2712 1412 2783 1452 ne
2828 1398 3124 1453 deteriores
3155 1398 3288 1452 flant
3318 1398 3423 1452 illo
3449 1398 3546 1465 qui
3570 1409 3663 1450 tan-

2075 1499 2141 1543 ta:
2167 1490 2221 1544 in
2251 1488 2421 1544 brutis
2468 1490 2760 1559 pecudibus
2806 1491 3171 1546 custodiendis
3215 1491 3528 1561 vigilantia}
3570 1490 3659 1555 fuit

2075 1583 2231 1653 idque
2259 1593 2337 1637 tot
2364 1598 2625 1638 annorum
2660 1599 2900 1638 numero.
2949 1584 3018 1639 Et
3060 1584 3169 1639 illic
3214 1584 3472 1653 quidem,
3527 1582 3571 1636 si
3608 1584 3666 1638 in-

2073 1675 2217 1729 curia
2257 1673 2501 1743 qutedam
2554 1674 2829 1740 acciderit,
2876 1674 3077 1729 nullum
3120 1673 3433 1729 damnum:
3469 1674 3559 1727 hic
3590 1690 3665 1726 an-

2074 1775 2182 1820 tem
2231 1767 2274 1820 si
2299 1766 2383 1822 vel
2424 1780 2527 1821 una
2577 1768 2692 1821 ovis
2743 1767 3015 1822 rationalis
3060 1768 3306 1837 perierit,
3339 1768 3432 1822 vel
3460 1783 3492 1820 a
3524 1768 3666 1821 bestia

2072 1859 2232 1912 fuerit
2279 1867 2451 1927 capta,
2501 1873 2663 1929 grave
2705 1858 2979 1923 damnum,
3030 1858 3329 1912 maximum
3380 1859 3667 1913 detrim-

2072 1957 2205 2015 tum,
2256 1948 2540 2004 inet'fabilis
2592 1963 2768 2018 ptena.
2805 1948 2935 2002 Nam
2981 1950 3023 2002 si
3056 1949 3322 2003 Dominus
3355 1960 3551 2002 noster
3576 1963 3667 2003 sas

2070 2042 2285 2111 guinem
2335 2055 2488 2096 suum
2535 2040 2809 2111 preprium
2855 2040 3131 2096 effundere
3161 2056 3261 2110 pro
3310 2041 3405 2094 illa
3447 2056 3562 2093 non
3588 2041 3663 2094 dc-

2072 2130 2310 2197 clinavit,
2356 2145 2458 2200 qua
2489 2130 2643 2185 venia
2673 2130 2864 2200 dignus
2907 2129 3086 2197 fuerit,
3128 2130 3219 2200 qui
3247 2130 3331 2184 sic
3364 2128 3665 2183 honoratam

2068 2236 2101 2275 a
2142 2221 2367 2276 Domino
2396 2220 2675 2290 despicere
2702 2221 2948 2285 voluerit,
2998 2228 3053 2274 et
3093 2234 3200 2273 non
3224 2221 3417 2273 omnia
3444 2233 3569 2287 qua
3591 2234 3664 2288 po-

2072 2322 2179 2370 test
2217 2316 2273 2369 in
2319 2313 2555 2369 curanda
2584 2314 2790 2368 ovicula
2834 2312 3246 2381 adimpleverit?
3299 2312 3582 2366 Ceterum
3616 2313 3663 2364 ad

2071 2407 2266 2462 seriem
2316 2407 2579 2462 sermonis
2621 2405 2925 2460 redeamus.
2952 2405 3043 2458 41.
3075 2402 3148 2457 Hi
3168 2403 3324 2467 mihi,
3358 2403 3561 2470 inquit,
3606 2404 3663 2452 ri-

2070 2500 2198 2570 giuti
2237 2498 2377 2563 anni,
2437 2497 2617 2567 quibus
2660 2513 2775 2551 sum
2831 2496 2886 2550 in
2938 2498 3087 2550 domo
3135 2504 3243 2549 tua.
3331 2494 3543 2549 δεηἰεί
3598 2494 3666 2545 tibi

2070 2588 2450 2660 quatuordecim
2475 2588 2622 2641 anuis
2665 2604 2758 2657 pro
2787 2587 2991 2655 filiabus
3019 2586 3135 2651 tuis,
3189 2596 3236 2640 et
3277 2602 3378 2640 sea:
3402 2586 3562 2638 annis
3591 2603 3662 2649 pra

2072 2683 2243 2736 ovibus
2286 2682 2405 2745 tuis,
2442 2691 2489 2734 et
2514 2681 2767 2751 fraudasti
2811 2680 3084 2734 mercedem
3113 2695 3276 2733 meam
3305 2680 3494 2733 decem
3523 2695 3663 2748 agm-

2071 2775 2181 2828 bus.
2216 2772 2305 2828 42.
2355 2772 2424 2826 Et
2470 2773 2567 2826 nisi
2612 2772 2751 2825 Deus
2796 2772 2953 2841 patris
2996 2771 3095 2825 mei
3146 2771 3394 2833 Abrahw,
3449 2782 3502 2823 et
3545 2768 3665 2823 Dm

2071 2863 2223 2918 Is'aac
2254 2865 2269 2896 ¹
2313 2865 2487 2934 fuisset
2541 2863 2665 2916 mihi
2712 2862 2936 2933 adjutor,
2982 2878 3117 2916 nunc
3154 2865 3287 2930 forte
3331 2878 3419 2914 me
3469 2878 3665 2914 parum

2070 2955 2361 3009 dimisisses.
2427 2952 2782 3007 Humilitatem
2835 2968 2997 3005 meam
3042 2961 3088 3005 et
3137 2952 3366 3005 laborem
3428 2970 3665 3004 manu“

2070 3063 2294 3101 mearum
2319 3046 2441 3100 vidit
2470 3046 2623 3111 Deus,
2671 3054 2717 3099 et
2756 3045 2925 3116 arguit
2973 3054 3021 3098 te
3065 3044 3191 3098 lteri.
3230 3044 3367 3098 Vide
3398 3046 3667 3112 quemme

2070 3154 2132 3194 ea
2162 3155 2281 3210 quae
2308 3138 2588 3194 confessus
2629 3148 2711 3193 est
2756 3136 2956 3198 Laban,
3006 3136 3308 3190 animarum
3348 3136 3582 3205 justum,
3622 3148 3664 3188 ut

2069 3236 2189 3284 eum
2241 3228 2430 3284 fiducia
2485 3229 2629 3282 illum
2682 3225 3120 3296 reprehenderet.
3173 3225 3393 3290 Vidisti,
3454 3227 3661 3295 inquit.

2069 3321 2337 3393 quomodo
2369 3320 2553 3390 viginti
2599 3334 2860 3373 annorum
2890 3332 3110 3371 numero
3140 3317 3335 3371 servivi
3386 3317 3527 3383 tibi,
3582 3333 3663 3387 pro

2070 3416 2317 3482 ﬁliabus,
2368 3413 2768 3485 quatuordecim
2830 3412 3014 3475 annis,
3072 3408 3289 3478 reliquis
3341 3418 3533 3463 autem
3582 3425 3663 3476 pro

2068 3511 2258 3564 ovibus
2290 3525 2303 3561 :
2336 3517 2512 3562 tamen
2546 3506 2754 3575 privare
2783 3520 2868 3558 me
2905 3503 3117 3558 voluisti
3143 3501 3416 3567 mercule,
3464 3511 3523 3556 et
3567 3518 3661 3554 nea

2071 3609 2124 3656 te
2161 3614 2322 3669 super
2366 3599 2469 3653 hoc
2511 3596 2703 3666 argui?
2745 3594 2938 3650 Verum
2992 3608 3062 3647 ex
3103 3592 3207 3646 illis
3252 3591 3407 3660 ipsis,
3453 3606 3579 3659 qua:
3620 3602 3663 3642 tu

2068 3689 2345 3746 confessus
2369 3703 2448 3754 es,
2471 3689 2583 3744 scio
2636 3685 2775 3757 quod
2824 3684 2922 3739 nisi
2968 3684 3108 3738 Deus
3135 3681 3407 3736 Abraham
3438 3691 3499 3735 et
3528 3680 3665 3735 Isaac

2068 3785 2255 3840 fuisset
2291 3783 2420 3837 mihi
2458 3781 2700 3851 adiutor,
2751 3792 2891 3832 nunc
2939 3792 3025 3829 me
3069 3789 3293 3829 vacuum
3355 3773 3665 3827 dimisisse:

2068 3888 2120 3932 et
2165 3875 2387 3942 nudum,
2425 3873 2602 3930 omnia
2654 3872 2790 3926 forte
2834 3868 3151 3923 abstulisses
3197 3882 3227 3920 a
3276 3881 3386 3928 me,
3444 3875 3506 3920 et
3532 3866 3665 3932 inju-

2068 3967 2287 4031 stitiam,
2315 3980 2476 4035 quam
2503 3975 2875 4033 proposueras,
2913 3974 3076 4029 Opere
3116 3956 3531 4025 eomplevisses.
3564 3956 3665 4011 Sed

2068 4060 2228 4119 Deus'
2254 4061 2345 4130 qui
2374 4060 2473 4113 scit
2507 4056 2853 4111 Humilitatem
2891 4070 3053 4107 meam
3077 4062 3123 4106 et
3165 4052 3383 4106 laborem
3418 4068 3667 4103 manum

2068 4173 2311 4210 mearum.
2373 4152 2508 4221 Quid
2552 4160 2672 4214 est,
2733 4149 3081 4202 Humilitatem
3121 4162 3278 4199 meum
3328 4156 3375 4199 et
3440 4147 3667 4199 laborem

2066 4264 2309 4303 manuum
2351 4242 2617 4299 mearum?
2664 4240 2947 4309 Quoniam,
2994 4240 3179 4309 inquit,
3222 4239 3321 4293 scit
3348 4238 3501 4293 Deus
3527 4254 3668 4308 quo-

2066 4340 2226 4396 modo
2259 4353 2358 4408 ego
2405 4350 2596 4405 magno
2637 4333 2812 4389 studio
2850 4330 3152 4386 servitutem
3195 4345 3367 4384 meam
3417 4329 3669 4399 perfect-

2069 4434 2204 4500 rim,
2270 4440 2324 4486 et
2371 4439 2624 4500 quantum
2690 4425 2925 4479 laborem
2994 4422 3373 4488 sustinuerim,
3431 4437 3668 4492 pascens

2066 4539 2214 4591 oves,
2264 4523 2352 4578 die
2395 4529 2662 4589 noctuque
2713 4517 2765 4570 in
2813 4516 2954 4571 curis
3002 4522 3247 4569 versatus
3283 4531 3296 4565 :
3327 4513 3393 4567 ad
3431 4514 3554 4578 illa,
3588 4516 3666 4567 in-

2066 4633 2246 4688 quam,
2295 4614 2529 4684 respexit
2564 4612 2823 4681 benignus
2877 4608 3131 4663 Dominus
3168 4622 3289 4661 cum
3323 4606 3443 4661 heri
3486 4612 3668 4677 arguit

2068 4720 2118 4765 te
2139 4728 2150 4763 :
2173 4710 2407 4763 coercuit
2436 4706 2743 4775 iniustitiam
2770 4718 2924 4772 quam
2953 4701 3235 4754 adversum
3264 4715 3352 4754 me
3380 4702 3663 4767 struebas,

2064 4811 2118 4857 et
2163 4798 2548 4855 irrationabiles
2590 4806 2710 4850 tuos
2748 4801 2991 4849 conatus.
3054 4791 3194 4847 Satis
3245 4792 3420 4860 tetigit
3468 4792 3663 4847 defen-

2063 4890 2237 4947 dendo
2274 4906 2332 4945 se
2394 4889 2701 4951 Labanum,
2767 4894 2822 4939 et
2884 4891 3162 4951 postquam
3215 4881 3664 4950 reprehendisset

2064 4983 2206 5038 illius
2250 4982 2301 5035 in
2345 4995 2404 5036 se
2454 4977 2786 5047 injttStitiam,
2848 4988 2942 5030 sua
2987 4973 3040 5028 in
3080 4972 3227 5027 illum
3267 4972 3534 5027 beneficia
3571 4991 3662 5029 re-

2062 5073 2287 5129 censuit.
2313 5072 2434 5127 Ideo
2462 5071 2548 5125 ille
2575 5070 2900 5125 erubescens
2922 5066 2990 5120 de
3012 5064 3077 5120 iis
3096 5079 3212 5134 qua:
3238 5062 3479 5131 dixerat,
3516 5082 3661 5120 nunc

2062 5165 2115 5220 in
2148 5164 2390 5219 timorem
2410 5176 2593 5215 versus
2623 5166 2723 5222 est,
2748 5167 2804 5213 et
2830 5156 3028 5213 fmdera
3052 5155 3186 5211 inire
3204 5154 3461 5209 vultcum
3483 5156 3654 5226 justo.

2061 5257 2194 5313 Vide
2221 5256 2601 5327 providentiam
2630 5253 2742 5307 Dei.
2785 5251 2886 5318 Qui
2931 5259 3078 5305 tanto
3115 5251 3315 5318 impetu
3354 5250 3422 5303 ad
3467 5266 3657 5320 persc-

2060 5351 2328 5421 quendum
2357 5350 2579 5413 exierat,
2616 5356 2761 5401 tanto
2788 5347 2977 5400 timore
3005 5342 3226 5399 allectus
3260 5352 3363 5407 est,
3404 5352 3467 5398 ut
3490 5345 3560 5399 ab
3588 5360 3655 5399 eo

2060 5443 2259 5499 foedera
2282 5449 2563 5512 qurereret.
2592 5440 2680 5495 45.
2729 5437 3057 5506 Respondens
3094 5445 3260 5488 autem
3284 5434 3485 5499 Laban,
3520 5438 3648 5489 dixit

2057 5536 2125 5589 ad
2146 5533 2306 5588 Jacob
2334 5550 2352 5587 :
2382 5530 2532 5586 Filia:
2557 5543 2675 5595 true,
2701 5531 2824 5598 [ilice
2852 5546 2972 5584 mete
2998 5545 3017 5583 :
3047 5539 3092 5582 et
3118 5528 3214 5597 ﬁlii
3246 5529 3342 5591 tui,
3385 5528 3485 5596 filii
3510 5529 3608 5581 mei
3626 5543 3644 5579 :

2056 5641 2105 5688 et
2152 5644 2333 5700 pecora
2371 5637 2478 5693 tua,
2527 5641 2707 5696 pecora
2760 5640 2870 5678 mea
2903 5634 2991 5677 :et
3018 5623 3184 5677 omnia
3218 5637 3550 5691 quiet-umque
3595 5632 3638 5672 tu

2119 5752 2131 5782 ‘
2160 5750 2307 5802 Coisl.
2335 5755 2387 5799 et
2414 5746 2561 5807 Bibl.,
2586 5751 2737 5795 metus
2760 5744 2941 5797 Isaac,
2978 5740 3004 5787 ὁ
3030 5737 3174 5802 φόϐος
3209 5734 3400 5783 Ἰσαάκ.
