3782 6272
181 312 290 367 503

177 423 272 477 διὰ
282 422 383 493 τῆς
405 419 585 493 μάχης
598 426 698 494 τῆς
724 424 932 491 οἰκείας
951 426 1129 497 ψυχῆς
1158 426 1488 482 ἐκκαλύπτει
1505 428 1602 499 τὴν
1618 430 1744 500 ἀρε-

1194 315 1263 371 ΙΝ
1295 316 1447 373 CAP.
1484 316 1634 372 XXX
1669 317 1910 376 GENES.
1951 319 2183 380 HOMIL.
2224 323 2379 379 LVII.

3314 336 3415 393 500

1855 436 2166 503 καιόμενος
2187 437 2265 503 τῷ
2288 441 2560 509 καύματι,
2587 440 2685 494 καί
2704 441 2781 507 τῷ
2794 442 3024 511 παγετῷ
3044 444 3152 513 τῆς
3175 449 3415 515 νυκτὸς,

168 505 295 574 τήν.
350 504 410 595 Τί
431 503 497 556 τὸ
528 504 788 595 ἀδίκημά
819 526 959 595 μου,
983 509 1146 579 φησίν
1165 528 1179 576 ;
1198 509 1247 595 ᾖ
1262 512 1319 595 τί
1344 512 1411 595 τὸ
1439 511 1749 581 ἁμάρτημά
1847 518 1945 570 καὶ
1961 519 2253 587 ἀφίστατο
2278 527 2310 577 ό
2334 503 2521 591 ὕπνος
2548 503 2655 579 ἀπ’
2680 503 2843 595 ἐμοῦ.
2871 503 2966 591 ’Ϋίς
2993 503 3070 581 ,ἂν
3100 503 3273 582 ’τοῦτο

166 604 313 653 μου.
345 586 433 639 ὅτι
452 588 809 655 κατεδίωξας
832 592 1023 645 ὀπίσω
1030 609 1183 660 μου;
1206 593 1361 655 Τίνος
1376 594 1578 654 ἐνεκεν,
1593 594 1743 663 φησὶ,

172 668 316 737 μετά
334 668 600 739 τοσαύτης
618 671 793 742 ὁρμῆς
810 673 1140 741 κατεδίωξάς
1183 691 1249 745 με
1283 691 1299 739 ;
1333 676 1483 727 ποῖον
1503 675 1744 745 ἀδίκημα

168 750 424 818 ἐγκαλεῖν
440 752 576 820 ἔχων
598 770 612 817 ;
636 757 788 807 ποῖον
805 754 1112 827 ἁμάρτημα
1131 772 1147 820 ;
1177 756 1287 809 Καὶ
1303 757 1363 809 οὐ
1386 757 1543 827 μόνον
1561 758 1739 820 τοῦτο,

165 834 309 887 ἀλλά
338 836 431 887 καὶ
447 834 715 906 τοσαύτην
756 836 915 908 ὓϐριν
962 839 1095 907 ἡμῖν
1132 840 1434 910 ἐπήγαγες,
1463 839 1603 892 ὥστε
1647 840 1743 893 καὶ

164 918 460 988 ἐρευνῆσαι
486 918 666 971 πάντα
714 919 783 973 τά
829 922 887 973 ἐν
929 920 1002 989 τῷ
1024 922 1159 992 οῐκῳ
1190 940 1314 991 μου.
1346 922 1406 975 Τί
1429 918 1599 991 εὗρες
1619 922 1739 977 ἀπὸ

163 1000 408 1053 πάντων
425 1000 662 1055 σκευῶν
688 1002 794 1057 τοῦ
819 1004 988 1059 οἴκου
1016 1020 1133 1059 σου
1147 1022 1166 1070 ;
1189 1004 1300 1071 Θές
1324 999 1439 1059 ὧδε
1462 1006 1740 1059 ἐναντίον

163 1080 286 1134 τῶν
298 1082 576 1151 ἀδελφῶν
602 1100 718 1139 σου
748 1086 973 1141 καὶτῶν
998 1086 1275 1157 ἀδελφῶν
1292 1105 1432 1157 μου,
1458 1088 1556 1141 καὶ
1579 1090 1739 1157 ἐλεγ-

161 1164 447 1227 ξάτωσαν
468 1167 583 1221 ἀνὰ
597 1168 792 1235 μέσον
819 1170 938 1223 τῶν
962 1171 1069 1225 δύο
1100 1172 1285 1239 ἡμῶν.
1318 1171 1617 1241 Τοσαύτην,
1634 1189 1737 1243 φη-

161 1247 274 1313 σὶν,
310 1248 535 1319 ἔρευναν
557 1252 941 1322 ποιησάμενος,
960 1248 1066 1324 ἄρα
1090 1254 1356 1325 ἠδυνήθης
1369 1272 1419 1308 τι
1436 1256 1612 1321 εὑρεῖν
1628 1253 1734 1307 τῶν

163 1329 243 1402 μὴ
261 1333 643 1401 προσηκόντων
662 1351 750 1404 μοι
770 1352 785 1402 ;
808 1336 840 1406 ἢ
858 1335 966 1388 τῶν
979 1353 1059 1387 σοι
1076 1336 1457 1406 διαφερόντων;
1478 1338 1539 1389 Et
1555 1332 1730 1407 εὗρες,

158 1414 222 1465 ἐν
242 1414 322 1483 τῷ
346 1415 495 1485 μέσῳ
513 1416 825 1486 παράγαγε,
850 1417 1002 1489 [558]
1019 1418 1099 1471 ἴνα
1117 1419 1167 1472 οἱ
1198 1419 1447 1482 συνόντες
1468 1438 1557 1490 μοι
1574 1421 1668 1473 και)⁵
1683 1421 1731 1473 οί

161 1496 309 1563 μετὰ
331 1497 424 1549 σοῦ
474 1500 908 1569 παραγενόμενοι
940 1500 1039 1571 τὴν
1058 1501 1331 1568 διάκρισιν
1374 1504 1729 1573 ποιήσωνται.

158 1577 386 1649 Ἐπειδὴ
409 1575 547 1632 εἶδεν
564 1580 856 1635 ἀνεύθυνον
875 1582 1067 1636 ἐαυτὸν
1084 1585 1141 1637 ἐν
1158 1584 1330 1638 ἅπασι
1344 1586 1730 1656 γεγενημένον,

155 1662 365 1733 πολλὴν
412 1662 595 1716 λοιπὸν
628 1665 939 1735 παρρησίαν
977 1666 1299 1737 προσλαϐὼν
1342 1670 1732 1739 ἀπαριθμεῖται

158 1748 266 1816 τὴν
300 1745 535 1810 εὔνοιαν,
564 1747 633 1817 ἣν
668 1749 796 1817 περὶ
827 1748 991 1801 αὐτὸν
1011 1751 1070 1802 ἐν
1096 1752 1259 1803 παντὶ
1293 1751 1371 1821 τῷ
1396 1752 1573 1824 χρόνῳ
1624 1753 1727 1804 ἐπ-

151 1827 420 1893 εδείξατο,
450 1829 708 1900 καίφησιο
738 1830 1031 1900 Ταῦτὰμοι
1053 1833 1286 1887 εἴκοσιν
1312 1834 1436 1901 ἐτη.
1464 1834 1618 1889 Μετὰ
1637 1834 1728 1889 τὸν

153 1910 408 1979 κάματον
437 1910 544 1963 τῶν
562 1911 832 1965 τοσούτων
853 1913 991 1967 ἐτῶν
1020 1914 1244 1978 τούτων,
1260 1917 1407 1986 ἢμην
1432 1917 1581 1981 ἄξιος
1597 1915 1730 1970 ταύ-

150 2008 257 2061 της
289 1992 387 2061 τῆς
422 1992 663 2064 ὓϐρεως;
708 1992 903 2047 Ταῦτά
932 2013 1033 2064 μοι
1066 1998 1298 2051 εἴκοσιν
1332 2000 1457 2067 ἐτη.
1483 2001 1728 2071 Σήμερον

149 2075 362 2128 εἴκοσιν
382 2076 517 2129 ἐτῶν
533 2075 764 2146 ἀριθμὸν
778 2077 887 2143 ἔχω
919 2081 975 2131 ἐν
999 2078 1076 2149 τῷ
1108 2079 1241 2152 οίκῳ
1271 2081 1349 2152 τῷ
1376 2083 1472 2152 σῷ.
1498 2084 1575 2136 Τὰ
1593 2083 1730 2150 πρό-

147 2158 303 2212 ϐατά
316 2174 431 2212 σου
448 2158 544 2212 καί
560 2163 619 2212 al
631 2156 793 2229 αῖγές
803 2175 918 2215 σου
938 2163 1049 2215 οὐκ
1071 2164 1513 2232 ἠτεκνώθησανο
1529 2165 1729 2235 κριοὺς

147 2241 276 2294 τῶν
300 2243 611 2310 προϐάτων
621 2259 739 2298 σου
754 2247 824 2298 οὐ
851 2245 1188 2316 κατέφαγον
1204 2264 1217 2277 ’
1235 2248 1604 2315 θηριὰλωτον
1617 2256 1729 2309 οὐκ

144 2324 418 2393 ἐνήνοχὰ
434 2342 553 2379 σοι.
582 2326 722 2394 ἐγὼ
736 2327 1097 2382 άπετίννυον
1108 2330 1243 2398 παρ’
1262 2330 1540 2398 ἐμαυτοῦ,
1556 2336 1728 2405 κλέμ-

138 2424 310 2475 ματα
324 2408 545 2477 ἡμέρας
567 2410 663 2462 καί
684 2409 987 2479 κλέμματα
1008 2415 1251 2478 νυκτός.
1282 2414 1601 2483 Ἐγενόμην
1616 2418 1727 2485 τῆς

144 2490 379 2559 ἡμέρας
404 2492 838 2560 συγ-καιόμενος
882 2491 963 2557 τῷ
995 2494 1270 2563 καύματι,
1289 2497 1386 2549 καί
1400 2496 1481 2561 τῷ
1494 2499 1727 2567 παγετῷ

141 2573 262 2641 τῆς
289 2575 529 2640 νυκτὸς,
551 2574 649 2628 καὶ
663 2576 956 2644 ἀφίστατο
974 2580 1007 2630 ό
1024 2577 1216 2643 ὕπνος
1226 2579 1346 2632 ἀπὸ
1373 2578 1492 2633 τῶν
1502 2582 1727 2649 ὀφθαλ-

135 2656 280 2726 μῶν
294 2676 435 2725 μου.
468 2657 785 2722 Ἐπελάθου,
805 2660 959 2729 φησὶ,
987 2658 1095 2712 τῶν
1129 2661 1389 2730 καμάτων
1422 2662 1530 2715 τῶν
1549 2664 1721 2734 ἐμῶν,

141 2738 226 2793 ὧν
248 2742 607 2814 ἐπεδειξάμην
632 2744 932 2813 ποιμαίνων
947 2744 1014 2796 τὰ
1032 2744 1278 2815 πρόϐατά
1304 2764 1396 2798 σου
1416 2750 1619 2812 καὶτὰς
1641 2747 1725 2805 αἷ-

145 2842 257 2893 γας
278 2844 293 2891 ;
321 2829 408 2898 Μὴ
425 2828 566 2897 ἔχεις
586 2828 880 2896 ἐγκαλέσαι
898 2830 977 2882 ὅτι
1003 2830 1131 2882 ποτέ
1154 2830 1221 2882 τά
1234 2831 1498 2901 πρόϐατα,
1515 2834 1546 2904 ἢ
1565 2837 1619 2888 αἱ
1637 2831 1721 2888 αῐ-

140 2928 245 2978 γες
267 2912 686 2983 ἡτεκνώθησανς
709 2914 849 2982 Ὅρα
876 2912 1047 2982 πόσην
1072 2914 1310 2967 δείκνυσι
1327 2916 1424 2985 τὴν
1443 2917 1593 2987 παρὰ
1621 2919 1717 2971 τοῦ

138 2994 283 3046 Θεοῦ
304 2994 514 3049 εὔνοιαν
532 2998 904 3067 γεγενημένην
922 2999 1001 3061 είς
1032 2996 1122 3050 τὸν
1149 2994 1295 3051 οἷκον
1315 2998 1406 3053 τοῦ
1425 3001 1610 3054 Λάϐαν
1632 3003 1719 3059 διὰ

138 3079 249 3147 τὴν
279 3079 443 3132 αὐτοῦ
479 3080 797 3150 παρουσίαν.
832 3079 1002 3133 Τοῦτο
1029 3082 1138 3154 γάρ
1170 3084 1315 3135 ἐστιν
1336 3084 1473 3155 ὅπερ
1498 3086 1592 3139 καὶ
1607 3086 1719 3141 άνω

139 3164 333 3230 ἔλεγεν
357 3179 371 3191 ·
394 3164 707 3233 Εὐλόγησέ
721 3180 794 3218 σε
811 3168 843 3218 ό
871 3165 1015 3230 Θεὸς
1028 3165 1124 3217 ἐπί
1143 3164 1221 3230 τῷ
1236 3166 1376 3219 ποδί
1392 3184 1531 3235 μου.
1552 3170 1723 3224 Τοῦτο

138 3249 255 3319 γὰρ
273 3247 448 3308 οὐδεὶς
464 3247 528 3301 ἂν
546 3249 694 3319 παρά
710 3248 965 3319 ποιμένος
977 3250 1489 3320 ἀπαιτήσειεν.ούδὲ
1502 3253 1608 3324 γὰρ
1624 3254 1722 3326 τῆς

138 3330 514 3400 ποιμαντικῆς
534 3330 690 3383 τοῦτο
708 3331 885 3401 ἔργονι
908 3331 1121 3400 φύσεως
1135 3334 1243 3400 γάρ
1273 3335 1408 3387 ἐστι.
1435 3334 1532 3388 Διά
1562 3337 1720 3390 τοῦτο

139 3415 257 3485 πρὸ
274 3414 488 3466 πάντων
506 3414 664 3467 τοῦτο
691 3415 999 3485 προτίθησι,
1024 3417 1116 3469 καὶ
1136 3417 1335 3488 πολλὴν
1354 3417 1593 3473 δείκνυσι
1619 3422 1720 3493 τὴν

137 3500 355 3557 ἀνωθεν
373 3500 741 3569 γεγενημένην
759 3500 1013 3570 πρόνοιαν
1027 3516 1093 3552 πε
1101 3502 1152 3571 ρ).
1167 3501 1234 3554 τὰ
1252 3501 1476 3572 ποίμνια
1502 3507 1550 3556 Κ
1545 3506 1715 3572 ριοὺς

134 3584 267 3638 τῶν
282 3583 589 3651 προϐάτων
603 3600 718 3636 σου
735 3584 806 3636 οὐ
824 3582 1179 3651 κατέφαγον.
1195 3583 1285 3654 Μὴ
1303 3584 1523 3639 δύνασαι
1541 3589 1718 3642 εἰπεῖν

134 3672 226 3722 ὃτι
247 3668 379 3720 ποτέ
401 3667 704 3735 κατέφαγον
727 3667 877 3738 κριὸν
893 3668 956 3719 ἐκ
974 3665 1082 3718 τῶν
1100 3666 1387 3735 προϐάτων
1409 3686 1525 3734 σου,
1539 3670 1567 3722 ὃ
1588 3672 1717 3724 πολ-

133 3753 255 3815 λοῖς
272 3763 297 3790 α
322 3750 427 3802 τῶν
450 3749 721 3819 ποιμένων
736 3752 906 3803 ποιεῖν
928 3749 1074 3813 ἐθος;
1101 3748 1476 3817 Θηριιίλωτον
1494 3755 1604 3806 οὐκ
1620 3753 1718 3806 ἐν·

130 3834 340 3904 ἠνοχὰ
371 3852 488 3887 σοι.
525 3833 661 3886 Οὔτε
694 3834 875 3896 αὐτὸς,
898 3835 1048 3904 φησι,
1083 3832 1209 3886 ποτὲ
1244 3834 1570 3903 κατέφαγον,
1592 3835 1715 3890 οὔτε

132 3920 331 3991 θηρίον
353 3918 537 3987 ῖσχυσέ
554 3933 681 3970 ποτε
695 3916 1007 3986 ἀφελέσθαι,
1022 3919 1077 3969 Μ
1086 3915 1499 3985 ἡένήνοχάσοι
1516 3919 1717 3987 θηριό-

130 4009 369 4064 .1ωτον;
396 4002 464 4053 Ἢ
485 4002 605 4070 οὐχι
633 4002 752 4052 καθ’
767 4000 1002 4069 ἑκάστην
1023 3997 1234 4070 ἡμέραν
1254 4003 1378 4062 τοὺς
1398 4001 1465 4053 τὰ
1492 4001 1715 4072 ποίμνια

134 4085 616 4157 ἐγχειριζομένους
636 4085 766 4153 ὁρᾷς
788 4082 1099 4153 θηριάλωτα
1118 4085 1229 4146 τοῖς
1243 4083 1525 4147 δεσπόταις
1541 4101 1714 4156 προσ-

132 4173 407 4238 ἀγοντας;
444 4167 603 4220 Ἀλλά
624 4169 687 4220 σὺ
707 4166 859 4219 οὐδὲν
874 4165 1108 4219 τοιοῦτον
1124 4166 1414 4232 ἐγκαλέσαι
1433 4166 1656 4240 δυνήσῃ,
1678 4168 1710 4239 ἢ

131 4254 312 4321 δεῖξαι
331 4251 693 4322 γεγενημένον
714 4252 771 4304 ἐν
790 4252 902 4313 τοῖς
922 4250 1125 4302 είκοσιν
1152 4249 1315 4303 ἔτεσι.
1350 4251 1458 4303 Καὶ
1482 4250 1534 4302 τί
1572 4250 1713 4319 λέγω

132 4336 507 4408 θηριάλωτον;
538 4333 675 4386 Ἀλλ’
692 4332 811 4385 οὐδὲ
830 4334 878 4385 εί
900 4332 1110 4402 ἐκλάπη
1124 4334 1273 4397 ποτὲ,
1292 4326 1379 4385 οά
1399 4332 1713 4403 συμϐαίνειν

132 4422 312 4483 εἰκὸς,
333 4421 411 4482 εἰς
440 4420 538 4488 τὴν
569 4418 668 4488 σὴν
696 4416 895 4484 γνῶσιν
915 4416 1073 4469 τοῦτο
1092 4416 1246 4470 τοῦτο
1272 4417 1569 4487 πεποίηκα,
1597 4418 1711 4470 ἀλλ’

132 4504 256 4574 ἐγὼ
285 4503 379 4555 καὶ
404 4501 693 4571 κλέμματα
722 4499 1061 4569 κλεπτόμενα
1088 4497 1425 4562 ἀπετίννυον,
1458 4500 1528 4553 τά
1558 4517 1617 4553 τε
1655 4502 1712 4554 ἐν

130 4588 347 4659 ἡμέρα,
370 4584 439 4638 τά
456 4601 515 4636 τε
543 4585 600 4635 ἐν
623 4584 776 4635 νυκτὶ
798 4582 1076 4651 γινόμενα.
1091 4580 1199 4632 Καὶ
1218 4580 1479 4650 διηνεκῶς
1507 4582 1601 4634 καὶ
1622 4583 1712 4637 τὸν

127 4670 235 4725 τοῦ
258 4669 535 4740 καύματος
567 4665 817 4719 καύσωνα
845 4667 1037 4734 ἔφερον
1064 4662 1346 4732 γενναίως,
1364 4663 1564 4716 καὶτὸν
1583 4681 1713 4734 κρυ-

133 4757 243 4829 μὸν
273 4755 363 4807 τὸν
390 4754 498 4806 ἀπὸ
524 4750 624 4821 τῆς
654 4750 864 4812 νυκτὸς,
886 4748 1025 4817 ὑπὲρ
1056 4746 1150 4829 τοῦ
1186 4745 1401 4829 ἀϐλαϐῆ
1422 4746 1593 4829 σοιντά
1606 4747 1715 4801 ποί-

131 4827 275 4912 μνια
296 4832 660 4890 διασώσασθαι
677 4847 690 4861 ⁸
710 4832 803 4884 καὶ
825 4830 886 4883 ού
910 4829 1067 4883 τοῦτο
1085 4828 1263 4899 μόνον,
1283 4827 1418 4881 ἀλλά
1440 4828 1533 4881 καὶ
1552 4830 1714 4894 αὐτὸς

124 4928 159 4979 ὁ
200 4922 368 4983 ὕπνος
395 4919 479 4972 διά
506 4919 604 4989 τὴν
626 4915 826 4984 πολλὴν
856 4912 1111 4984 φροντίδα
1142 4912 1408 4980 ἀφίστατο
1433 4913 1529 4964 ἀπ’
1552 4913 1707 4983 ἐμοῦ.

206 5004 361 5068 Εἶδες
398 5002 654 5073 ποιμένος
691 4999 1026 5069 ἀγρυπνίαν;
1074 4994 1211 5061 εἶδες
1260 4996 1494 5065 σπουδὴν
1527 4999 1711 5051 ἐπιτε-

120 5089 410 5160 ταμένην;
453 5086 619 5140 Ποίαν
662 5086 728 5138 ἂν
769 5083 941 5154 ἔχοιεν
989 5082 1284 5149 ἀπολογίαν
1323 5081 1373 5133 οί
1410 5082 1479 5135 τά
1519 5081 1713 5150 λογικά

122 5175 364 5244 ποίμνια
398 5166 879 5241 ἐγκεχειρισμένα,
920 5166 1012 5219 καὶ
1052 5165 1249 5235 πολλὴν
1293 5164 1390 5237 τὴν
1442 5165 1712 5236 ρᾳθυμίαν

121 5258 588 5328 ἐπιδεικνύμενοι,
631 5253 725 5307 κα)⁸
770 5252 889 5305 καθ’
920 5251 1155 5321 ἑκάστην
1180 5249 1422 5321 ἡμέραν,
1456 5250 1597 5303 κατά
1620 5250 1711 5304 τὸν

121 5344 443 5416 προφήτην,
470 5339 540 5394 τὰ
587 5337 685 5409 μὲν
720 5334 1187 5402 κατασφάττοντες
1209 5372 1224 5397 ,
1268 5332 1335 5387 τὰ
1382 5332 1439 5387 δὲ
1475 5332 1711 5416 ,ὁρῶντες

121 5415 479 5500 θηριὸϐρωτα
514 5420 789 5491 γινόμενα,
820 5418 886 5471 τὰ
927 5418 983 5471 δὲ
1018 5417 1119 5487 ὑφ’
1161 5416 1364 5500 ἐτέρων
1408 5415 1708 5500 συλώμενα,

118 5498 227 5568 καὶ
259 5507 512 5579 οὐδεμίαν
534 5501 854 5575 κηδεμονίαν
877 5500 1052 5554 αὐτῶν
1069 5498 1337 5554 ποιεῖσθαι
1364 5498 1672 5570 βουλόμενοι
1694 5516 1707 5561 ;

122 5594 310 5651 καίτοι
352 5609 415 5660 γε
452 5588 684 5643 ἐνταῦθα
716 5584 955 5640 ἐλάττων
996 5584 1026 5637 0
1058 5583 1236 5647 πόνος,
1289 5582 1383 5635 καὶ
1422 5580 1639 5644 εὔκολος
1676 5583 1710 5652 ἡ

122 5676 441 5748 ἐπιμέλεια.
476 5673 638 5743 Ψυχὴ
684 5670 793 5740 γάρ
826 5670 973 5721 ἐστιν
1002 5667 1036 5736 ἡ
1066 5665 1455 5735 παιδευομένη·
1495 5664 1613 5716 ἐκεῖ
1654 5664 1710 5717 δέ

125 5763 301 5827 πολὺς
327 5760 422 5815 καὶ
448 5758 526 5831 τῷ
545 5756 756 5827 σώματι
786 5751 879 5805 καὶ
925 5751 993 5820 τῇ
1015 5750 1158 5819 ψυχῇ
1193 5748 1222 5800 0
1256 5750 1437 5831 πόνος.

200 5849 417 5919 ζ’.”ορα
431 5829 537 5915 γὰρ
553 5842 603 5895 τί
630 5854 813 5910 φησιν’
841 5835 1168 5904 Ἐγενόμην
1189 5832 1295 5900 τῆς
1314 5829 1534 5901 ἡμέρας
1550 5846 1701 5901 συγ.

200 5946 224 5975 ⁸
253 5946 331 5995 Sic
354 5940 497 5994 (ζώει.
528 5937 769 5989 Ειιρωιυτ
806 5932 1017 5987 πο)λούς.
1045 5929 1178 5980 lion.

1843 599 2094 672 δυνηθείη
2124 604 2149 643 δ
2175 607 2367 668 εἰπεῖν,
2394 608 2473 660 ὅτι
2511 608 2599 660 διά
2624 608 2722 678 τὴν
2758 609 3029 679 σωτηρίαν
3059 611 3168 664 τῶν
3198 612 3291 665 ὑπ’
3318 615 3415 666 αὺ-

1843 682 1940 734 τοῦ
1968 688 2402 756 ποιμαινομένων
2614 690 2887 754 κινδύνους
2908 692 3193 757 ἀνεδέξατο
3210 695 3303 749 καὶ
3321 713 3415 749 τα-

1843 762 2172 837 λαιπωρίαςς
2192 770 2312 822 Τῶν
2332 772 2429 840 μὲν
2448 771 2541 827 νῦν
2557 773 2729 836 οὐδεὶς
2746 773 2812 827 ἂν
2827 775 2986 829 τοῦτο
3007 778 3179 830 εἰπεῖν
3206 777 3413 849 τολμή-

1844 862 1976 900 σειε.
1996 850 2259 920 Παύλῳδέ
2282 853 2426 922 μόνῳ
2444 854 2620 918 ἔξεστι
2637 855 2808 908 ταῦτα
2833 860 2970 925 μετά
2996 860 3308 930 παρρησίας
3336 860 3415 913 λέρ

1841 943 1904 1013 γε
1913 946 1977 993 ιν,
1986 931 2294 987 καὶτούτων
2310 953 2374 1004 με
2384 936 2631 1005 ίζονα,τῷ
2647 938 2949 1009 διδασκάλῳ
2960 942 3057 1009 τῆς
3066 943 3215 995 οίκου
3222 943 3409 1013 μένης.

1840 1010 1945 1064 Καὶ
1960 1013 2084 1078 ποῦ,
2099 1016 2252 1084 φησι,
2274 1016 2481 1080 Παῦλος
2494 1018 2668 1073 ταῦτα
2688 1021 2977 1090 ὑπέμεινεν
2993 1039 3008 1087 ;
3030 1025 3227 1076 ’Ἄκουε
3242 1010 3411 1077 αὑτοῦ

1838 1094 2111 1163 λέγοντοςο
2134 1098 2224 1164 Τίς
2233 1099 2485 1153 ἀσθενεῖ
2486 1141 2499 1163 ,
2518 1102 2615 1155 καὶ
2637 1105 2747 1156 οὐκ
2764 1105 3028 1169 ἁσθενῶ;
3048 1107 3136 1173 τις
3155 1108 3413 1161 σκανδα-

1836 1177 2074 1244 λίζεται,
2095 1180 2191 1233 καὶ
2219 1183 2329 1235 οὐκ
2370 1182 2483 1252 ἐγὼ
2524 1185 2851 1255 πυροῦμαυ
2887 1188 2950 1239 ’Ὠ
2982 1189 3234 1258 ποιμένος
3264 1189 3412 1257 φιλο⁴

1840 1263 2083 1331 στοργίαι
2107 1264 2186 1316 Τὰ
2214 1265 2431 1335 ἐτέρων,
2452 1268 2601 1337 φησὶ,
2619 1269 2884 1339 πτώματα
2900 1272 3022 1339 ἐμοὶ
3043 1272 3296 1324 ἐπιτείνει
3310 1272 3411 1336 ,τάς

1836 1345 2155 1415 ἀλγηδόνας·
2174 1347 2239 1400 τά
2266 1349 2467 1418 ἐτέρων
2489 1350 2756 1403 σκάνδαλα
2783 1353 2905 1420 ἐμοὶ
2930 1353 3028 1422 τὴν
3051 1354 3279 1423 κάμινον
3310 1355 3407 1422 τῆς

1834 1428 2027 1499 ὀδύνης
2043 1430 2289 1485 ἀνάπτει.
2308 1432 2507 1486 Τοῦτον
2522 1434 2751 1497 ἅπαντες
2770 1434 3114 1504 ζηλούτωσαν
3130 1437 3178 1488 οί
3189 1437 3287 1506 τὴν
3301 1436 3410 1490 τῶν

1834 1509 2068 1579 λογικῶν
2098 1514 2385 1583 προϐάτων
2426 1517 2889 1587 ἐγκεχειρισμένοι
2936 1519 3289 1588 προστασίαν,
3313 1520 3409 1572 καὶ⁵

1838 1593 1911 1662 μὴ
1934 1595 2149 1663 χείρους
2165 1596 2511 1665 γενέσθωσαν
2525 1599 2619 1652 τοῦ
2652 1602 2780 1668 περὶ
2804 1602 2903 1672 τὴν
2926 1602 3035 1654 τῶν
3057 1600 3266 1668 ἀλόγων
3284 1601 3409 1671 πρό-

1834 1692 1982 1728 νοιαν
1997 1677 2261 1748 τοσαύτην
2279 1680 2584 1748 ἀγρυπνίαν
2594 1681 3023 1753 ἐπιδειξαμένου,
3052 1683 3146 1736 καὶ
3167 1684 3257 1735 ἐπὶ
3283 1700 3408 1736 τοσ-

1832 1755 1985 1810 οῦτον
2006 1759 2143 1811 ἐτῶν
2166 1759 2415 1830 ἀριθμόν.
2465 1763 2611 1816 Ἐκεῖ
2641 1765 2738 1834 μὲν
2771 1764 2879 1834 γὰρ
2908 1766 3011 1819 κᾶν
3045 1765 3285 1835 ῥᾳθυμία
3321 1782 3405 1828 τις

1833 1842 2246 1913 γένηται,οὑδέν
2275 1845 2334 1897 τὸ
2352 1845 2564 1914 βλάϐος·
2591 1848 2821 1901 ἐνταῦθα
2850 1849 2904 1903 δέ
2928 1851 3029 1902 κᾶν
3053 1850 3110 1902 ἐν
3136 1849 3405 1920 πρόϐατον

1831 1924 2046 1990 λογικὸν
2065 1927 2351 1997 ἀπόληται,
2382 1929 2414 1998 ἦ
2447 1929 2778 2000 θηριάλωτον
2798 1934 3044 2003 γένηται,
3073 1932 3240 2003 πολλὴ
3260 1934 3294 2002 ἡ
3316 1930 3405 2001 ζη-

1832 2009 1951 2077 μία,
1975 2011 2204 2081 μεγίστη
2226 2014 2257 2081 ἡ
2302 2011 2495 2084 βλάϐη,
2513 2015 2762 2085 ἄφατοςή
2788 2016 3027 2079 κόλασις.
3053 2017 3115 2068 El
3140 2016 3247 2087 γὰρ
3273 2017 3404 2068 0A5-

1831 2092 2034 2163 σπότης
2060 2096 2088 2146 0
2114 2094 2375 2166 ἡμέτερος
2389 2096 2451 2148 τὸ
2483 2091 2619 2166 αἷμα
2641 2097 2703 2149 τὸ
2725 2098 2852 2151 ἴδιον
2867 2100 3052 2169 ἐκχέαι
3080 2098 3217 2169 ὑπὲρ
3235 2098 3399 2152 αὑτοῦ

1826 2174 1888 2227 ού
1928 2178 2303 2247 παρῃτήσατο,
2348 2179 2507 2241 ποίας
2540 2178 2605 2231 ἂν
2626 2180 2709 2249 είη
2742 2183 2769 2233 0
2791 2180 3029 2243 τοιοῦτος
3074 2180 3401 2250 συγγνώμης

1827 2257 2037 2321 ἄξιος,ὁ
2069 2258 2159 2310 τὸν
2191 2258 2332 2311 οὕτω
2359 2260 2654 2329 τιμηθέντα
2678 2262 2827 2332 παρὰ
2846 2257 2936 2315 τοῦ
2964 2263 3232 2315 Δεσπότου
3258 2280 3401 2332 παρ-

1826 2344 1958 2413 ορᾷν
1991 2342 2337 2412 ἀνεχόμενος,
2362 2342 2550 2413 καὶμὴ
2583 2344 2651 2396 τά
2672 2346 2802 2414 παρ’
2834 2346 3025 2398 ἐαυτοῦ
3057 2346 3232 2399 πάντα
3266 2345 3402 2415 πλη-

1831 2424 1937 2494 ρῶν
1967 2427 2046 2488 είς
2072 2425 2170 2494 τὴν
2197 2424 2291 2477 τοῦ
2318 2425 2588 2496 προϐάτου
2630 2427 2974 2495 ἐπιμέλειαν;
3024 2427 3163 2480 Ἀλλ’
3181 2429 3272 2480 ἐπὶ
3300 2428 3400 2497 τὴν

1826 2507 2146 2561 ἀκολουθίαν
2159 2507 2251 2559 τοῦ
2268 2507 2424 2575 λόγου
2448 2508 2852 2579 ἐπανέλθωμεν.
2874 2510 3061 2564 Ταῦτά
3070 2530 3190 2579 μοι,
3209 2511 3398 2579 φησὶν,

1824 2590 2058 2641 εἴκοσιν
2096 2590 2200 2657 έτη
2223 2590 2337 2658 ειμι
2365 2590 2434 2642 έν
2454 2590 2529 2657 τῇ
2547 2592 2703 2657 οίκίᾳ
2723 2606 2857 2647 σου.
2905 2593 3273 2647 Ἐδούλευσά
3301 2609 3399 2645 σοι

1824 2670 2235 2739 δεκατέσσαρα
2255 2673 2357 2739 ἐτη
2372 2673 2504 2727 ἀντὶ
2519 2672 2638 2727 τῶν
2651 2673 2760 2727 δύο
2785 2675 3120 2743 θυγατέρων
3142 2691 3281 2738 σου,
3297 2676 3396 2729 καί

1822 2752 1893 2818 ἐξ
1916 2753 2023 2821 ἐτη
2038 2754 2107 2806 ἐν
2134 2753 2259 2818 τοῖς
2287 2754 2600 2821 προϐάτοις
2620 2770 2757 2817 σου,
2777 2757 2872 2808 καὶ
2897 2758 3272 2826 παρελογίσω
3290 2757 3401 2811 τὸν

1818 2837 2040 2908 μισθόν
2052 2853 2169 2907 μου
2189 2836 2332 2888 δέκα
2346 2836 2631 2905 ἀμνάδας.
2653 2842 2700 2891 Ε
2706 2840 2720 2891 ί
2736 2837 2821 2905 μὴ
2843 2840 2875 2891 ό
2897 2838 3039 2904 Θεὸς
3058 2839 3159 2892 τοῦ
3176 2840 3399 2907 πατρός

1817 2938 1937 2989 μου
1976 2917 2240 2986 Ἀϐραὰμ,
2258 2916 2353 2972 καί
2376 2921 2408 2971 ό
2435 2921 2579 2983 Θεὸς
2617 2920 2819 2974 Ἰσαὰκ
2839 2916 2920 2990 ἦν
2944 2922 3071 2989 μετ’
3090 2920 3255 2989 ἐμοῦ,
3280 2922 3397 2975 νῦν

1821 3003 1900 3056 ἇν
1922 3020 1998 3072 με
2020 3004 2201 3055 κενὸν
2243 3001 2691 3068 ἐξαπέστειλας.
2735 3000 2851 3069 ἰ’ὴν
2889 3002 3251 3056 ταπεινωσιν
3275 3021 3395 3072 μου

1822 3084 1919 3139 καί
1949 3086 2053 3138 τὸν
2070 3087 2258 3137 κόπον
2301 3082 2419 3136 τῶν
2458 3083 2669 3153 χειρῶν
2686 3102 2803 3153 μου
2835 3081 2993 3138 εἶδεν
3023 3089 3053 3138 ό
3085 3087 3249 3150 Θεὸς,
3296 3084 3394 3138 καὶ

1820 3167 2039 3237 ήλεγξέ
2075 3184 2148 3223 σε
2177 3166 2338 3237 χθές.
2358 3169 2496 3237 Ὅρα
2518 3168 2635 3231 πῶς
2664 3170 2729 3221 τὰ
2754 3169 2901 3240 παρὰ
2927 3168 3020 3222 τοῦ
3056 3170 3238 3223 Λάϐαν
3268 3171 3395 3239 ὁμο-

1820 3252 2115 3326 λογηθέντα
2146 3252 2525 3323 παρεθάρρυνε
2554 3253 2645 3305 τὸν
2659 3253 2884 3312 δίκαιον,
2911 3254 3004 3306 καὶ
3027 3255 3165 3323 μετὰ
3185 3256 3396 3323 παρρη-

1822 3337 1942 3401 σίας
1973 3336 2063 3389 τὸν
2092 3335 2311 3406 ἔλεγχον
2342 3339 2591 3389 ποιεῖται.
2616 3332 2795 3400 Οἶδας,
2816 3337 3159 3407 φησὶν,ὃπως
3190 3336 3299 3389 τῶν
3324 3338 3393 3390 είς

1818 3436 1970 3473 κοσιν
1999 3420 2136 3472 ἐτῶν
2158 3419 2247 3471 τὸν
2261 3417 2490 3488 ἀριθμὸν
2512 3419 2799 3472 ἐδούλευσά
2816 3436 2915 3483 σοι,
2936 3418 3076 3489 ὑπὲρ
3098 3418 3204 3471 τῶν
3230 3419 3394 3486 θυγαο

1816 3503 1991 3574 τέρων
2012 3520 2104 3555 σου
2120 3502 2190 3555 τὰ
2213 3502 2582 3571 δεκατέσσαρα
2603 3502 2791 3572 έτη,ἐν
2806 3503 2861 3555 δὲ
2882 3506 2991 3564 τοῖς
3017 3502 3304 3571 προϐάτοις
3325 3502 3394 3556 τά

1819 3586 2103 3640 ὑπόλοιπαο
2144 3586 2239 3639 καὶ
2282 3586 2430 3655 ὅμως
2476 3586 2844 3655 ἀποστερῆσαί
2890 3602 2956 3654 με
3003 3584 3271 3649 κατεδέξω
3301 3585 3392 3637 τὸν

1821 3668 2028 3739 μισθὸν,
2058 3668 2153 3721 καὶ
2181 3668 2330 3721 οὐδὲν
2360 3670 2500 3738 ὑπὲρ
2533 3668 2720 3720 τούτου
2751 3668 3074 3731 ἐνεκάλεσα;
3108 3667 3278 3721 Τοῦτο
3312 3668 3389 3732 δὲ,

1817 3750 1876 3815 ἐξ
1900 3744 1973 3804 ὧν
2001 3750 2161 3814 αὐτὸς
2202 3750 2579 3820 ὡμολόγησας,
2613 3746 2746 3813 οἴδα,
2769 3751 2849 3802 ὃτι
2877 3753 2925 3801 εί
2959 3751 3032 3821 μὴ
3071 3752 3100 3801 0
3126 3750 3255 3811 Θεὸς
3294 3748 3389 3801 τοῦ

1828 3831 2078 3902 Ἀϐραὰμ
2104 3831 2197 3883 καὶ
2223 3830 2315 3884 τοῦ
2333 3832 2517 3883 Ἰσαὰκ
2531 3827 2598 3901 ἦν
2633 3848 2721 3899 μοι
2752 3830 2961 3899 βοηθὸς,
2987 3831 3080 3883 νῦν
3105 3832 3169 3884 ἄν
3202 3847 3268 3901 με
3300 3847 3391 3883 κεο

1815 3916 1904 3969 νὸν
1925 3914 2329 3980 ἐξαπέστειλας,
2373 3913 2597 3983 ἔρημον,
2639 3914 2731 3965 καὶ
2761 3913 2939 3965 πάντα
2971 3913 3035 3965 ἂν
3058 3912 3264 3981 ἀφείλω
3292 3914 3389 3966 ἀπ’

1814 3996 1972 4069 ἐμοῦ,
1994 3998 2087 4051 καὶ⁵
2106 3996 2204 4068 τὴν
2236 3996 2471 4061 ἀδικίαν,
2501 3997 2567 4067 ἦν
2597 3996 2848 4067 προέθου,
2882 3998 2960 4059 εἰς
2982 3996 3138 4066 ἔργον
3168 3998 3233 4051 ἂν
3254 3998 3389 4066 ἠγα-

1815 4099 1929 4151 γες.
1968 4080 2104 4134 Ἀλλ’
2147 4082 2174 4133 0
2202 4079 2334 4143 Θεὸς
2364 4083 2391 4133 0
2419 4079 2573 4143 είδὼς
2608 4080 2726 4146 Τὴν
2754 4081 3115 4133 ταπείνωσιν
3137 4098 3256 4149 μου
3288 4080 3387 4134 καί

1816 4165 1923 4219 τὸν
1949 4164 2138 4217 κόπον
2162 4161 2280 4215 τῶν
2315 4161 2529 4232 χειρῶν
2550 4181 2685 4232 μου.
2708 4163 2773 4215 Τί
2801 4165 2937 4227 ἐστι,
2959 4162 3076 4230 Τὴν
3102 4163 3387 4215 ταπείνωο

1814 4250 1919 4302 σίν
1956 4265 2075 4317 μου
2106 4247 2204 4299 καί
2237 4246 2342 4299 τὸν
2379 4249 2571 4299 κόπον
2608 4245 2725 4298 τῶν
2755 4244 2966 4315 χειρῶν
2988 4261 3142 4315 μους
3170 4246 3388 4316 Ἐπειδὴ

1814 4332 1971 4403 ᾕδειό
1996 4330 2145 4393 Θεὸς,
2183 4331 2333 4393 ὅπως
2376 4330 2474 4399 μὲν
2513 4328 2624 4399 ἐγὼ
2651 4333 2788 4399 μετά
2822 4330 3025 4400 πολλῆς
3049 4330 3145 4399 τῆς
3176 4331 3387 4393 εὐνοίας

1812 4417 1911 4485 τὴν
1943 4414 2186 4467 δουλείαν
2216 4413 2687 4483 ἐποιησάμην,καὶ
2702 4415 2790 4467 τὸν
2823 4415 2987 4467 κόπον
3017 4414 3139 4467 ὅσον
3164 4415 3387 4484 ὑπέμει-

1815 4516 1880 4552 να
1903 4497 2203 4567 ποιμαίνων
2234 4497 2302 4549 τὰ
2332 4496 2597 4567 πρόϐατα,
2630 4498 2723 4550 καὶ
2743 4499 2800 4549 ἐν
2828 4496 3009 4567 ἡμέρα
3034 4498 3127 4550 καὶ
3156 4499 3213 4549 ἐν
3233 4500 3387 4551 νυκτὶ

1813 4580 2111 4651 φροντίζων
2132 4579 2414 4641 διετέλουν,
2450 4579 2585 4650 πρὸς
2616 4580 2798 4631 ἐκεῖνα
2816 4580 2936 4632 ίδὼν
2956 4582 2983 4632 0
3009 4579 3387 4650 φιλάνθρωπος

1813 4663 2081 4733 Δεσπότης
2108 4662 2233 4734 χθὲς
2265 4661 2457 4733 ήλεγξέ
2497 4679 2577 4725 σε,
2609 4662 2805 4731 ἐπέσχε
2834 4664 2932 4733 τῆς
2955 4664 3074 4716 κατ’
3105 4663 3237 4732 ἐμοῦ
3271 4664 3387 4715 ἀδι-

1817 4749 1938 4810 κίας
1966 4748 2058 4799 καὶ
2083 4746 2185 4816 τῆς
2212 4745 2495 4813 ἀλογίστου
2535 4746 2731 4817 ὁρμῆς.
2749 4746 2966 4809 Ἰκανῶς
2991 4748 3048 4799 ἐν
3077 4745 3226 4810 τάξει
3251 4748 3387 4800 ἀπο-

1811 4831 1995 4899 λογίας
2021 4829 2275 4883 καθίκετο
2303 4828 2398 4882 τοῦ
2440 4829 2645 4893 Δάϐαν,
2674 4830 2768 4883 καὶ
2799 4832 2936 4900 μετὰ
2965 4830 3026 4882 τὸ
3051 4829 3263 4897 ἐλέγξαι
3288 4829 3386 4899 τὴν

1812 4917 1889 4975 εἰς
1911 4914 2072 4966 αὑτὸν
2091 4911 2325 4974 ἀδικίαν,
2344 4912 2438 4965 καὶ
2468 4912 2567 4975 τὰς
2591 4915 2719 4983 παρ’
2748 4913 2911 4965 αὑτοῦ
2933 4914 3013 4975 είς
3044 4911 3204 4965 αὑτὸν
3232 4913 3385 4981 εὐερ-

1810 4998 1998 5066 γεσίας
2034 4996 2475 5066 ἀπηριθμήσατο.
2501 4996 2590 5047 Διὸ
2617 4995 2881 5057 αἰδεσθεὶς
2923 4998 3127 5055 ἐκεῖνος
3158 4996 3225 5047 τά
3254 4996 3386 5065 παρ’

1810 5080 1974 5136 αὑτοῦ
2029 5079 2315 5150 εἰρημένα,
2350 5077 2539 5130 λοιπὸν
2579 5080 2670 5130 καὶ
2715 5078 2793 5140 είς
2820 5076 3018 5129 δειλίαν
3044 5077 3381 5144 καθίσταται,

1811 5166 1903 5220 καὶ
1932 5162 2204 5231 συνθήκας
2233 5160 2530 5231 ἀπαιτῆσαι
2564 5160 2808 5230 βούλεται
2839 5160 2989 5231 παρά
3019 5160 3112 5212 τοῦ
3149 5160 3378 5215 δικαίου.

1812 5249 1953 5322 Ὅρα
1973 5244 2107 5298 Θεοῦ
2129 5244 2475 5315 κηδεμονίαν.
2492 5244 2551 5297 '0
2572 5244 2713 5297 οὕτω
2740 5244 3271 5315 παρεσκευασμένος,
3290 5247 3383 5299 καὶ⁸

1814 5333 1949 5405 μετὰ
1963 5330 2230 5400 τοσαύτης
2245 5330 2422 5400 ὁρμῆς
2439 5330 2537 5401 τὴν
2561 5330 2879 5395 καταδίωξιν
2908 5332 3291 5401 ποιησάμενος,
3303 5333 3381 5395 εἰς

1808 5415 2073 5487 τοσαύτην
2095 5415 2335 5486 κατέστη
2353 5414 2572 5477 δειλίαν,
2590 5416 2665 5478 ὡς
2674 5414 2773 5478 τὰς
2786 5416 2916 5487 παρ’
2928 5415 3092 5469 αὑτοῦ
3112 5417 3381 5487 συνθήκας

1811 5501 2104 5571 ἐπιζητεῖν.
2126 5498 2481 5566 Ἀποκριθεὶς
2498 5499 2607 5566 γὰρ
2630 5498 2850 5566 Λάϐαν,
2872 5498 3022 5572 [560]
3045 5500 3228 5571 φησὶν,
3251 5496 3381 5554 εἷπε

1810 5585 1889 5650 τῷ
1905 5582 2127 5639 Ἰακώϐ·
2142 5584 2213 5635 Al
2242 5580 2556 5650 θυγατέρες
2568 5599 2705 5647 σου,
2724 5583 3037 5654 θυγατέρες
3054 5603 3195 5656 μου,
3208 5584 3306 5638 καὶ
3325 5586 3380 5638 at

1810 5667 1928 5721 υἱοί
1954 5680 2093 5727 σου,
2125 5664 2507 5732 υίοίμου.καί
2529 5666 2600 5719 τὰ
2622 5666 2812 5735 κτήνη
2838 5683 2973 5733 σου,
3014 5667 3203 5736 κτήνη
3234 5684 3375 5736 μου,

1812 5749 1906 5804 καὶ
1929 5747 2123 5803 πάντα
2148 5748 2263 5801 ὅσα
2282 5746 2363 5801 σὺ
2392 5746 2555 5815 όρᾷς,
2581 5748 2691 5818 ἐμά
2717 5750 2846 5803 ἐστι
2871 5750 2967 5803 καὶ
2998 5746 3117 5802 τῶν
3138 5746 3376 5816 θυγατέο

1804 5848 1929 5901 ρων
1958 5832 2167 5901 μου·τί
2190 5828 2422 5895 ποιήσω
2452 5833 2691 5896 ταύταις
2721 5831 3003 5900 σήμερον,
3047 5832 3083 5897 ἦ
3119 5829 3239 5895 τοῖς
3292 5828 3373 5881 τέ-

1874 5927 1899 5966 b
1922 5926 2166 5977 Εαιιιωτυτ
2191 5928 2373 5988 ξιινητσῇς
2410 5927 2531 5976 Cois!
2578 5928 2799 5984 δυνηθείη.
2829 5926 2960 5975 Et".
