3782 6244
410 285 516 341 505

410 419 579 468 κνοις
615 399 814 454 αὐτῶν
841 395 964 461 τοῖς
985 396 1315 463 τεχθεῖσινς
1351 396 1480 448 Οἶδα
1506 395 1588 447 ὅτι
1615 395 1707 446 καὶ
1735 395 1792 446 αἱ
1823 394 1990 461 θυγα-

407 486 588 555 τέρες,
610 483 791 553 φησὶν,
829 479 956 549 ἐμαί
988 479 1114 540 εἰσι,
1152 478 1246 529 καὶ
1274 478 1448 533 πάντα
1479 477 1577 530 ὅσα
1616 477 1696 529 σοί
1731 478 1902 555 ἐστιν,
1929 477 1993 529 ἐκ

408 553 507 638 τῆς
524 564 804 636 ὑπάρξεως
832 565 929 632 τῆς
947 561 1084 631 ἐμῆς
1105 561 1464 631 προσεγένετό
1481 578 1583 613 σοι.
1605 560 1667 612 Τί
1683 553 1798 613 οὖν
1823 559 1994 624 ποιή-

407 665 496 704 σω
522 651 758 712 ταύταις
786 645 1072 713 σήμερον,
1097 646 1134 712 ἢ
1165 644 1290 710 τοῖς
1319 645 1420 698 ὑπ’
1475 642 1676 698 αὐτῶν
1701 643 1989 713 τεχθεῖσις

407 733 536 786 Νῦν
558 731 754 797 δεῦρο,
798 727 1128 797 διαθώμεθα
1163 726 1461 793 διαθήκην
1489 726 1604 793 ἐγώ
1646 743 1709 778 τε
1746 727 1843 778 καὶ
1877 726 1982 788 σὺ,

407 816 508 868 καί
527 813 702 867 ἔσται
722 813 810 876 εὶς
818 812 1143 879 μαρτύριον
1155 810 1273 863 ἀνὰ
1283 811 1476 878 μέσον
1493 809 1639 875 ἐμοῦ
1658 825 1721 860 τε
1737 807 1832 860 καί
1850 807 1987 861 σοῦ.

404 895 707 966 Συνθήκας,
737 893 891 963 φησὶ,
929 891 1305 960 ποιησώμεθα,
1331 891 1434 945 Kal
1464 891 1633 944 ἔσται
1668 891 1991 958 είςμαρτύ-

402 996 535 1048 ριυν
570 979 687 1033 ἀνὰ
701 979 896 1046 μέσον
920 976 1066 1045 ἐμοῦ
1099 975 1197 1027 καὶ
1213 975 1352 1036 σοῦ,
1385 976 1462 1036 είς
1491 974 1733 1043 ἔλεγχον,
1755 977 1835 1035 εἰς
1854 973 1989 1026 ἀπό-

404 1062 588 1126 δειξιν.
627 1057 760 1114 Εἷπε
795 1061 854 1113 δὲ
884 1059 1029 1129 αὐτῷ
1049 1075 1062 1088 ο
1098 1058 1162 1110 Εἴ
1180 1075 1266 1119 τις
1288 1057 1598 1127 παραϐῆναι
1632 1056 1700 1108 τὰ
1732 1055 1826 1108 νῦν
1858 1055 1989 1126 παρ’

404 1145 560 1215 ήμῶν
606 1144 945 1215 προταθέντα
981 1142 1397 1211 ἐπιχειρήσειεν,
1448 1139 1592 1192 Ἰδοὺ
1628 1138 1830 1204 οὐδεὶς
1862 1141 1989 1208 μεθ’

404 1227 592 1297 ἡμῶν⁹
622 1230 652 1280 ό
688 1226 756 1280 δὲ
783 1227 927 1290 Θεὸς
948 1224 1178 1293 μάρτυς
1194 1223 1309 1277 ἀνὰ
1331 1223 1524 1292 μέσον
1554 1221 1699 1291 ἐμοῦ
1727 1221 1820 1274 καὶ
1849 1221 1986 1275 σοῦ.

478 1312 754 1382 η⁹.Σκόπει
781 1310 896 1373 πῶς
917 1309 1057 1362 κατὰ
1081 1309 1274 1378 μικρὸν
1295 1311 1322 1360 6
1337 1308 1519 1361 Λάϐαν
1539 1308 1632 1360 καὶ
1652 1308 1730 1368 εἰς
1760 1306 1988 1369 θεογνω-

407 1395 527 1448 σίαν
551 1395 819 1463 ὲνάγεται.
839 1395 896 1446 ’0
913 1391 1020 1461 γὰρ
1038 1390 1135 1461 τήν
1157 1389 1363 1461 κλοπὴν
1392 1390 1498 1460 πρὸ
1523 1389 1711 1441 τούτου
1728 1389 1834 1440 τῶν
1851 1388 1988 1442 θεῶν

405 1478 570 1531 αὐτοῦ
601 1478 875 1548 ἐπιφέρων
928 1475 1006 1544 τῷ
1059 1474 1274 1540 δικαίῳ,
1327 1474 1418 1526 καὶ
1467 1472 1734 1542 τοσαύτην
1763 1472 1988 1541 ἔρευναν

405 1561 791 1630 ποιησάμενος,
823 1559 916 1612 νῦν
969 1573 1130 1626 φησιν
1151 1573 1165 1585 ·
1208 1555 1422 1626 Ἐπειδὴ
1442 1555 1614 1617 οὐδείς
1639 1559 1754 1608 ἐστι
1786 1554 1987 1625 μεταξὺ

405 1643 562 1712 ήμῶν
590 1645 618 1696 6
642 1643 960 1712 δυνάμενος,
990 1642 1040 1692 εῖ
1065 1656 1117 1691 τι
1155 1637 1293 1707 μετά
1324 1638 1496 1691 ταῦτα
1527 1638 1741 1705 γένοιτο
1771 1650 1817 1702 ⁸,
1846 1654 1987 1708 μαρ-

404 1726 639 1794 τυρῆσαι
665 1729 774 1787 τοῖς
808 1723 903 1776 νῦν
937 1721 1064 1792 παρ’
1089 1719 1245 1790 ήμῶν
1272 1719 1600 1788 γινομένοις,
1631 1722 1658 1772 6
1682 1721 1814 1782 Θεὸς
1851 1720 1990 1791 μάρ-

402 1827 502 1872 τυς
525 1809 628 1862 ἀνα
667 1809 828 1878 μέσον
861 1806 994 1875 ἐμοῦ
1021 1807 1115 1857 καὶ
1151 1805 1263 1857 σοῦ.
1285 1805 1520 1866 Ἐκεῖνος
1549 1803 1832 1873 πάρεστιν,
1863 1805 1891 1854 6
1921 1803 1988 1856 τὰ

406 1892 584 1944 πάντα
609 1891 770 1968 ὀρῶν,
806 1889 865 1942 ὃν
912 1888 1062 1940 οὐδὲν
1095 1888 1277 1940 λαθεῖν
1295 1887 1538 1950 δύναται,
1575 1888 1602 1938 6
1633 1885 1732 1955 τὴν
1758 1884 1986 1938 ἑκάστου

405 1973 629 2043 γνώμην
647 1967 1021 2039 ἐπιστάμενος.
1040 1969 1250 2024 Λαϐὼν
1274 1968 1362 2031 δὲ,
1381 1986 1454 2037 φη
1463 1969 1568 2030 σἰν,
1587 1969 1797 2021 Ἰακὼϐ
1804 1967 1984 2035 ἐστη-

401 2072 477 2110 σε
497 2055 756 2120 στήλην,
800 2052 898 2104 καὶ
925 2052 1176 2118 ἐποίησε
1211 2052 1467 2114 βουνὸν,
1497 2052 1595 2104 καὶ
1627 2050 1855 2119 ἔφατον
1887 2051 1985 2103 ἐπὶ

401 2137 507 2190 τοῦ
518 2130 772 2200 βουνοῦ.
794 2126 936 2183 Εἶτα
961 2126 1130 2183 εἶπεν
1145 2130 1304 2195 αὐτῷ
1326 2130 1544 2184 Λάϐσν·
1565 2131 1624 2182 '0
1639 2129 1870 2194 ,ϐουνὸς
1884 2125 1986 2184 οὗ·-

402 2234 504 2281 τος
530 2214 818 2284 μαρτυρεῖ
837 2212 953 2266 ἀνὰ
969 2211 1162 2280 μέσον
1190 2212 1336 2280 ἐμοῦ
1364 2211 1463 2264 καὶ
1485 2211 1621 2265 σοῦ.
1639 2213 1700 2264 Τί
1735 2227 1901 2275 εστιν,
1933 2212 1986 2264 '0

398 2297 628 2363 ,βουνὸς
644 2292 824 2360 οὗτος
838 2313 855 2357 ;
871 2295 1014 2347 Ἀντί
1034 2294 1151 2358 τοῦ,
1174 2295 1241 2346 τὰ
1258 2297 1476 2364 ῥήματα
1505 2294 1573 2346 τὰ
1596 2294 1828 2348 ἐνταῦθα
1844 2295 1988 2362 γινό-

405 2397 541 2451 μενα
566 2384 622 2433 ἐν
651 2380 729 2449 τῷ
755 2379 926 2448 βουνῷ
955 2377 1126 2446 τούτῳ
1148 2378 1453 2448 ὑπόμνησις
1481 2379 1611 2448 ἡμῖν
1641 2377 1985 2449 ἐσταιδιηνε-

401 2463 536 2526 κῶς.
578 2462 686 2516 Καὶ
720 2461 979 2514 ἐκάλεσε
1026 2463 1093 2513 τὸ
1133 2461 1322 2528 ὄνομα
1374 2460 1480 2513 τοῦ
1510 2461 1716 2521 τόπου,
1757 2461 1987 2527 Βουνὸς

401 2541 896 2616 μαρτυρίου.Εἷτά
932 2558 1114 2615 φησιν’
1160 2542 1384 2595 Ἐπίδοι
1411 2545 1442 2594 ὀ
1482 2542 1625 2608 Θεὸς
1645 2543 1761 2596 ἀνὰ
1787 2543 1984 2611 μέσον

399 2628 546 2696 ἐμοῦ
569 2627 670 2680 καί
694 2627 832 2680 σοῦ.
860 2627 1060 2679 Σκόπει
1090 2625 1205 2687 πῶς
1236 2623 1397 2678 πάλιν
1431 2623 1526 2694 τὴν
1558 2624 1706 2695 παρά
1735 2626 1828 2677 τοῦ
1851 2624 1984 2678 Θεοῦ

399 2715 556 2785 δίκην
595 2712 933 2767 ἐπικαλεῖται
965 2712 994 2762 6
1044 2711 1249 2765 Λάϐαν·
1293 2712 1519 2764 Ἐνιίδοι
1559 2710 1688 2780 γάρ,
1731 2711 1916 2781 φησὶν,
1951 2715 1982 2765 ό

404 2799 549 2862 Θεὸς
583 2797 700 2851 ἀνὰ
709 2795 904 2864 μέσον
926 2795 1074 2863 ἐμοῦ
1104 2793 1200 2846 καὶ
1227 2793 1366 2856 σοῦ,
1399 2793 1486 2846 ὅτι
1517 2793 1988 2862 ἀποστησάμεοα

399 2879 600 2948 ἔτερος
629 2879 732 2933 τοῦ
764 2878 991 2945 ἐτέρου.
1029 2876 1164 2942 Νῦν,
1199 2876 1354 2947 φησὶ,
1392 2875 1864 2946 χωρισθησόμεθα,
1895 2877 1986 2947 καὶ

404 2965 467 3015 σὺ
501 2963 599 3032 μὲν
628 2960 906 3032 ἀπελεύσῃ
951 2961 1030 3022 είς
1053 2960 1153 3028 τὴν
1183 2959 1388 3011 οἰκείαν
1411 2958 1534 3028 γῆν,
1589 2958 1698 3025 ἐγὼ
1729 2958 1787 3011 δὲ
1815 2959 1983 3011 ἐπανο-

401 3045 691 3115 ελεύσομαι
711 3047 789 3106 εἰς
815 3043 907 3095 τὸν
923 3038 1072 3095 οἷκον
1101 3042 1189 3094 τὸν
1206 3041 1358 3110 ὲμόν.
1376 3042 1446 3092 El
1467 3039 1850 3106 ταπεινώσεις
1881 3040 1987 3106 τὰς

401 3127 728 3196 θυγατέρας
761 3141 902 3193 μου,
953 3126 1006 3176 εί
1053 3123 1261 3187 λάϐοις
1324 3121 1614 3191 γυναῖκας
1661 3121 1987 3190 πρὸς-,ταῖς

401 3207 725 3278 θυγατράσι
742 3224 882 3274 μου,
897 3206 1026 3273 ὅρα,
1040 3204 1238 3269 οὐδεὶς
1253 3205 1379 3273 μεθ’
1396 3204 1566 3273 ήμῶν
1581 3204 1793 3257 ἐστινό
1810 3203 1982 3272 ὀρῶν·

404 3292 550 3356 Θεὸς
570 3290 821 3359 μάρτυς.
852 3288 1050 3340 Σκόπει
1067 3287 1182 3351 πῶς
1212 3288 1308 3341 καὶ
1337 3287 1482 3353 ἅπαξ
1509 3288 1602 3339 καὶ
1623 3286 1870 3358 δεύτερον
1892 3288 1987 3340 καὶ

403 3374 664 3435 πολλάκις
695 3372 788 3425 τὸν
826 3371 962 3423 Θεδν
991 3371 1146 3425 καλεῖ
1200 3371 1471 3441 μάρτυρα.
1500 3371 1608 3423 Καὶ
1639 3370 1746 3442 γὰρ
1781 3371 1814 3440 ἡ
1849 3371 1986 3441 πρό-

401 3473 519 3510 νοια
540 3457 574 3526 ή
599 3455 727 3525 περὶ
751 3455 843 3506 τὸν
871 3452 1062 3506 Ἰακὼϐ
1086 3453 1423 3523 γεγενημένη
1454 3453 1772 3506 ἐπαίδευσεν
1802 3453 1981 3518 αὐτὸν,

401 3541 500 3610 ὅση
535 3537 629 3592 τοῦ
672 3536 942 3590 Δεσπότου
984 3537 1018 3606 ή
1051 3535 1294 3605 δύναμις,
1324 3536 1416 3588 καὶ
1443 3535 1519 3598 ὼς
1553 3538 1650 3605 οὐχ
1690 3531 1798 3588 οἶόν
1831 3536 1889 3589 τέ
1928 3552 1982 3589 τι

400 3622 584 3675 λαθεῖν
603 3620 694 3672 τὸν
723 3618 1020 3689 ἀκοίμητον
1047 3616 1344 3687 ὀφθαλμόν.
1365 3618 1463 3671 Διά
1488 3618 1644 3671 τοῦτό
1665 3635 1798 3687 φησι
1819 3633 1834 3648 ⁸
1867 3617 1985 3673 Κᾶν

401 3701 870 3774 διαχωρισθῶμεν,
901 3700 1001 3754 κᾶν
1031 3701 1216 3772 μηδεὶς
1243 3701 1428 3771 ἔτερος
1459 3701 1486 3752 6
1518 3699 1867 3771 μαρτυρῆσαι
1895 3699 1985 3753 δυ-

401 3788 653 3858 νάμενος,
684 3785 844 3846 αὐτὸς
887 3783 1036 3836 ἔσται
1071 3783 1278 3856 μάρτυς
1302 3785 1332 3836 6
1359 3783 1633 3852 πανταχοῦ
1660 3782 1850 3854 παρών
1871 3795 1887 3813 ⁵
1917 3783 1985 3836 δι’

400 3872 634 3925 ἑκάστου
678 3869 787 3922 τῶν
834 3867 1094 3938 ῥημάτων
1129 3866 1422 3935 ἐνέφηνεν,
1447 3866 1529 3918 ὅτι
1565 3866 1664 3934 τῆς
1697 3866 1982 3936 πανταχοῦ

399 3955 502 4024 γῆς
520 3953 636 4006 ἐστι
660 3950 954 4018 Δεσπότης.
972 3949 1079 4002 Kal
1093 3945 1263 4002 εἶπεν
1291 3946 1498 4002 Ἰακώϐ
1513 3964 1526 3976 ·
1557 3947 1709 4000 Ἰδοὺ
1728 3949 1765 4014 η
1784 3946 1981 4016 στήλη

401 4037 550 4102 αὕτη
579 4032 886 4103 μαρτυρεῖ.
919 4027 1272 4087 Εἶτα-πάλιν
1297 4033 1330 4083 ό
1357 4031 1559 4084 Λάϐαν
1577 4030 1769 4097 φησίν
1787 4045 1800 4058 ·
1842 4030 1988 4085 Ἐάν

401 4131 467 4168 τε
496 4120 605 4182 γὰρ
634 4111 749 4180 ἐγὼ
767 4111 854 4179 μὴ
902 4109 1082 4162 διαϐῶ
1122 4108 1272 4176 πρὸς
1311 4107 1406 4170 σὲ,
1448 4106 1601 4176 μήτε
1647 4107 1728 4161 σὺ
1775 4106 1984 4176 διαϐῇς

403 4196 553 4263 πρὸς
600 4195 706 4264 ἐμὲ
747 4193 854 4245 τὸν
896 4191 1132 4255 ,βουνὸν
1181 4191 1398 4244 τοῦτον
1435 4187 1531 4241 και
1583 4188 1698 4256 τὴν
1742 4190 1985 4259 στήλην

403 4280 629 4344 ταύτην
669 4276 768 4328 ἐπὶ
810 4275 1006 4341 κακίᾳ,
1042 4277 1074 4327 ό
1123 4273 1269 4337 Θεὸς
1322 4272 1598 4340 Ἀϐραὰμ,
1638 4272 1735 4325 καὶ
1767 4276 1800 4326 ό
1839 4274 1983 4340 Θεὸς

403 4361 618 4430 Ναχὼρ
647 4360 837 4428 κρίνοι
863 4358 980 4413 ἀνὰ
1001 4357 1196 4427 μέσον
1223 4355 1410 4425 ἡμῶν.
1435 4356 1543 4409 Θέα
1576 4356 1694 4420 πῶς
1725 4357 1862 4428 μετά
1887 4359 1980 4412 τοῦ

406 4445 613 4515 πατρὸς
642 4446 737 4498 καὶ
761 4443 852 4496 τὸν
883 4443 1106 4497 πάππον
1130 4441 1219 4494 τὸν
1249 4439 1445 4495 ἑαυτοῦ
1479 4440 1733 4511 συνῆψεν,
1755 4441 1982 4510 ἀδελφὸν

409 4530 506 4599 μὲν
536 4526 630 4581 τοῦ
659 4527 996 4597 πατριάρχου
1030 4525 1386 4594 τυγχάνοντα,
1424 4524 1617 4578 ἑαυτοῦ
1645 4524 1702 4580 δὲ
1736 4526 1974 4580 πάππον.

415 4610 480 4663 '0
514 4611 656 4676 Θεὸς
704 4610 978 4677 Ἀϐραὰμ,
1007 4608 1104 4662 καὶ
1146 4612 1178 4662 ὁ
1206 4609 1352 4674 Θεὸς
1397 4609 1610 4676 Ναχὼρ
1642 4608 1833 4674 κρίνοι
1865 4609 1980 4666 ἀνὰ

403 4694 596 4764 μέσον
620 4691 807 4761 ἡμῶν.
831 4693 939 4747 Καὶ
969 4689 1206 4760 ὤμοσεν
1238 4689 1449 4745 Ἰακὼϐ
1475 4689 1623 4742 κατὰ
1659 4690 1764 4744 τοῦ
1791 4693 1978 4758 φόϐου

404 4778 512 4832 τοῦ
539 4777 762 4844 πατρὸς
790 4776 975 4830 αὐτοῦ
1001 4777 1216 4835 Ἰσαὰκ,
1239 4772 1390 4846 [561]
1423 4774 1519 4826 καί
1546 4774 1728 4826 ἔθυσε
1761 4775 1980 4828 θυσίαν

402 4861 475 4915 ὲν
512 4860 593 4926 τῷ
637 4861 788 4928 ὄρει,
839 4859 936 4912 καὶ
973 4857 1232 4912 ἐκάλεσε
1270 4855 1413 4919 τοὺς
1440 4853 1742 4922 ἀδελφοὺς
1769 4856 1976 4917 αὐτοῦ,

404 4944 503 4998 καὶ
549 4943 776 5012 ἔφατον
818 4941 915 4994 καί
955 4942 1156 5003 ἔπιον,
1214 4937 1310 4992 καὶ
1351 4937 1762 5005 ἐκοιμήθησαν
1793 4937 1863 4989 ἐν
1899 4938 1978 5003 τῷ

405 5025 546 5092 ὄρει.
567 5027 786 5080 Ἕθυσε
807 5025 1028 5078 θυσίαν
1047 5024 1116 5074 ἐν
1137 5019 1214 5086 τῷ
1237 5020 1355 5087 ὄρει
1376 5036 1388 5049 ·
1408 5017 1710 5091 ἠὑχαρίστη
1721 5036 1798 5082 σε,
1823 5022 1974 5090 φησὶ,

405 5107 483 5178 τῷ
515 5106 633 5176 Θεῷ
662 5107 754 5158 ἐπὶ
786 5109 898 5168 τοῖς
923 5106 1172 5174 γεγονόσι
1192 5122 1203 5134 ’
1239 5103 1346 5157 Καὶ
1373 5103 1620 5170 ἔφαγον,
1653 5102 1752 5154 καὶ
1783 5103 1974 5169 ἔπιον,

405 5189 505 5244 καὶ
525 5190 935 5257 ἐκοιμήθησαν
969 5189 1037 5241 ἐν
1067 5187 1147 5252 τῷ
1177 5186 1317 5254 ὄρει.
1363 5185 1654 5249 Ἀναστὰς
1685 5184 1754 5238 δὲ
1777 5185 1979 5239 Λάϐαν

401 5272 485 5338 τῷ
525 5273 676 5340 πρωϊ
698 5273 1074 5340 ,κατεφίλησε
1115 5269 1257 5334 τοὺς
1298 5266 1468 5333 υἱοὺς
1501 5267 1705 5332 αὐτοῦ,
1740 5269 1838 5322 καὶ
1871 5268 1977 5336 τὰς

403 5357 731 5425 θυγατέρας
776 5353 992 5416 αὐτοῦ,
1044 5351 1142 5406 καὶ
1189 5353 1527 5418 εὐλόγησεν
1581 5352 1821 5418 αὐτούς.
1866 5353 1975 5408 Καὶ

405 5439 813 5506 ἀποστραφεὶς
850 5437 1051 5490 Λιὶϐιιν
1085 5433 1360 5502 ἀπῆλθεν
1397 5435 1485 5499 εις
1519 5433 1624 5487 τὸν
1655 5431 1823 5488 οἷκον
1867 5438 1975 5490 αὐ-

405 5521 532 5574 τοῦ.
576 5516 746 5583 Εἶδες,
778 5520 1046 5590 ἀγαπητὲ,
1085 5518 1224 5588 πόση
1255 5516 1346 5569 τοῦ
1379 5515 1513 5570 Θεοῦ
1560 5520 1595 5588 ἡ
1625 5517 1804 5586 σοφία,
1829 5518 1976 5581 ὅπως

407 5605 547 5659 κατά
571 5605 764 5658 ταύτὸν
802 5605 894 5657 καὶ
923 5603 1017 5672 τὴν
1068 5603 1195 5672 περὶ
1228 5601 1317 5654 τὸν
1359 5602 1560 5656 δίκαιον
1595 5601 1850 5674 πρόνοιαν
1879 5603 1976 5656 ἐπ-

469 5723 496 5752 ⁴¹
519 5722 599 5777 Sic
619 5722 748 5772 bene
773 5721 914 5773 Cois].
941 5719 1186 5771 Edcbalur
1207 5721 1413 5784 γένηται.
1443 5721 1572 5771 Enn.

1083 279 1141 334 S.
1175 278 1457 335 JO.\NNIS
1490 277 1981 334 CIIRYSOSTOMI
2017 275 2334 335 ARCIIIEP.
2375 278 2924 336 CONSTANTINOP.
3565 280 3655 334 506

2099 397 2356 463 εδείξατο,
2381 396 2630 449 κάκεῖνον
2663 397 2937 466 ἀπέστησε
2960 394 3058 464 τῆς
3082 395 3202 447 κατ’
3234 393 3401 448 αὐτοῦ
3435 395 3652 459 ἀδικίας,

2101 480 2194 530 καὶ
2213 479 2282 532 δι’
2303 473 2379 532 ὧν
2403 480 2554 550 αὐτῷ
2576 479 2927 550 παρεγγύησε
2953 479 3028 549 μή
3051 477 3276 547 λαλῆσαι
3295 479 3508 549 πονηρά
3532 480 3657 532 κατά

2089 557 2192 610 ,τοῦ
2223 557 2438 621 Ἰακὼϐ,
2463 559 2542 621 εἰς
2565 559 2663 628 τήν
2687 561 2787 628 τῆς
2818 558 3143 626 θεογνωσίας
3163 558 3280 611 ὁδὸν
3302 558 3444 611 κατά
3480 558 3658 630 μικρὸν

2099 640 2262 693 αὐτὸν
2283 643 2539 710 ὲνήγαγε,
2558 634 2653 694 καλ⁵
2675 643 2704 694 6
2733 640 2986 711 καθάπερ
3016 641 3201 711 θηρίον
3224 640 3549 711 ἐπιτρέχων,
3577 644 3662 695 καὶ

2101 724 2302 790 φθάσαι
2337 724 2657 795 βουλόμενος
2683 725 2779 777 καὶ
2810 724 3037 787 ἀνελεῖν,
3069 723 3548 794 ἀπολογησάμενος
3577 727 3662 778 καὶ

2099 807 2476 877 καταφιλήσας
2505 808 2600 860 καὶ
2635 807 2733 871 τὰς
2765 806 3069 877 θυγατέρας
3108 806 3202 860 καί⁸
3229 808 3354 869 τοὺς
3389 807 3540 869 υίοῦς
3573 808 3662 860 αύι

2097 889 2225 954 τῶν,
2250 890 2426 953 οὕτως
2451 891 2632 944 οἴκαδε
2659 890 2962 960 ὑπέστρεψε
2986 907 3003 957 ;
3027 889 3180 960 Τάχα
3205 892 3284 952 είς
3330 889 3468 941 πολὺ
3502 890 3660 959 μῆκος

2097 978 2189 1030 τὸν
2222 978 2377 1046 λόγον
2421 978 2796 1048 ὲξετείναμεν,
2842 978 2978 1032 άλλά
3026 979 3125 1047 τῆς
3168 977 3407 1048 ἱστορίας
3451 980 3532 1041 εἰς
3575 978 3660 1047 τὴν

2098 1062 2343 1131 ἀνάγκην
2368 1063 2514 1131 ἡμᾶς
2541 1062 2744 1132 ταύτην
2769 1061 3212 1130 καταστησάσης.

2169 1147 2368 1216 Διόπερ
2389 1145 2620 1198 ἐνταῦθα
2647 1147 2942 1216 στήσαντες
2968 1145 3057 1198 τόν
3088 1145 3264 1211 λόγον,
3298 1144 3476 1198 ἐκεῖνο
3499 1163 3664 1215 παρα⁴

2097 1230 2414 1300 καλέσωμεν
2441 1228 2593 1299 ὑμῶν
2612 1229 2711 1300 τήν
2736 1230 2978 1299 ἀγάπην,
2999 1228 3140 1281 ὥστε
3173 1229 3352 1281 πάντα
3382 1231 3557 1281 ποιεῖν
3582 1231 3663 1280 καὶ

2097 1312 2577 1384 πραγματεύεσθαι
2595 1353 2610 1374 ,
2645 1313 2732 1363 ἴνα
2761 1311 2858 1382 τήν
2887 1309 3092 1365 ἄνωθεν
3129 1309 3338 1362 εὔνοιαν
3362 1309 3664 1363 ἐπισπασὼ-

2101 1396 2260 1465 μεθα.
2294 1395 2420 1448 Ἐὰν
2452 1390 2560 1465 γὰρ
2594 1397 2797 1448 ἐκεῖνον
2838 1394 3048 1464 ἔχωμεν
3079 1393 3303 1463 εὐμενῆ,
3339 1393 3517 1445 πάντα
3545 1396 3662 1461 ἡμῖν

2099 1478 2256 1548 ῥᾴδια
2290 1478 2438 1531 ἔσται
2473 1479 2566 1531 καὶ
2587 1477 2803 1540 εὔκολα,
2835 1479 2928 1530 καὶ
2968 1477 3120 1530 οὐδὲν
3162 1479 3308 1546 ἡμᾶς
3354 1475 3468 1527 τῶν
3515 1477 3572 1528 ὲν
3595 1476 3663 1543 τῷ

2097 1561 2325 1630 παρόντι
2360 1561 2459 1631 βίῳ
2495 1560 2734 1631 λυπῆσαι
2775 1560 3084 1629 δυνήσεται,
3115 1558 3217 1610 κᾶν
3261 1557 3504 1627 λυπηρὸν
3537 1552 3664 1608 εἶναι

2096 1641 2250 1713 δοκῇ.
2279 1643 2524 1712 Τοσαύτη
2555 1643 2663 1713 γὰρ
2692 1643 2792 1712 τῆς
2823 1642 2986 1694 αὑτοῦ
3015 1640 3293 1710 δυνάμεως
3311 1641 3345 1709 ἡ
3373 1639 3661 1710 ὑπερϐολὴ,

2097 1725 2172 1788 ὡς
2203 1725 2295 1778 καὶ
2322 1726 2460 1779 αύτά
2489 1725 2559 1778 τά
2577 1725 2796 1796 λυπηρά
2827 1725 2906 1787 είς
2936 1725 2996 1777 τὸ
3025 1724 3261 1777 ἐναντίον
3299 1725 3660 1792 περιτρέπειν,

2095 1807 2224 1860 ὅταν
2273 1808 2549 1878 βούληται.
2591 1809 2745 1861 Οὕτω
2789 1809 2884 1862 καὶ
2934 1807 3144 1870 Παῦλος
3201 1808 3259 1858 ἐν
3313 1804 3557 1874 θλίψεσιν
3597 1804 3664 1856 ἄεν

2097 1890 2280 1962 ἔχαιρε
2318 1892 2412 1944 καὶ
2449 1891 2714 1960 ἠγάλλετο
2742 1894 2808 1961 τῇ
2845 1889 3140 1962 προσδοκίᾳ
3160 1890 3264 1941 τῶν
3294 1888 3664 1957 ἀποκειμένων

2097 1975 2338 2045 ἀμοιίὶῶν
2359 1975 2556 2046 πτεροῦ
2565 1991 2742 2046 μενος.
2771 1975 2870 2028 Διά
2899 1973 3054 2026 τοῦτο
3077 1973 3166 2025 καὶ
3193 1972 3222 2024 6
3243 1973 3534 2042 Προφήτης
3558 1973 3664 2024 ἐλε-

2096 2075 2212 2126 γεν,
2230 2059 2332 2112 Ἐν
2350 2061 2549 2128 θλίψει
2573 2057 2916 2122 ἐπλάτυνὰς
2938 2076 3059 2127 μοι,
3090 2056 3354 2108 διδάσκων
3383 2057 3556 2125 ἡμᾶς,
3590 2058 3663 2108 ὅτι

2097 2142 2154 2194 ἐν
2190 2143 2325 2212 αὐτῇ
2377 2146 2442 2213 τῇ
2486 2143 2660 2211 θλίψει
2701 2143 3038 2211 τυγχάνοντα
3079 2139 3260 2202 ἀδείας
3297 2139 3391 2190 καὶ
3436 2137 3663 2200 ἀνέσεως

2095 2225 2256 2278 αὑτὸν
2284 2224 2574 2278 ἀπολαύειν
2607 2223 3012 2294 παρεσκεύαζεν
3040 2225 3068 2275 6
3095 2222 3247 2283 Θεός.
3283 2221 3538 2274 Τοιοῦτον
3567 2223 3662 2272 τοξ-

2095 2325 2190 2360 νυν
2219 2308 2429 2377 ἔχοντες
2452 2308 2746 2377 Δεσπότην,
2777 2306 2919 2359 οὕτω
2945 2305 3186 2369 δυνατὸν,
3221 2304 3396 2366 οὕτως
3429 2305 3662 2373 εὐμήχα-

2095 2406 2184 2442 νον
2227 2393 2320 2443 καὶ
2358 2390 2537 2458 σοφὸν,
2579 2389 2722 2443 οὕτω
2766 2388 3160 2459 φιλάνθρωπον,
3206 2386 3274 2439 τὰ
3304 2388 3434 2457 παρ’
3464 2389 3664 2440 ἑαυτῶν

2095 2475 2458 2544 εἰσφέρωμεν,
2490 2475 2581 2526 καὶ
2613 2476 2711 2543 τῆς
2739 2473 2939 2543 ἀρετῆς
2974 2473 3138 2525 πολὺν
3170 2472 3454 2542 ποιώμεθα
3497 2471 3664 2538 λόγον,

2096 2559 2186 2612 ἵνα
2223 2559 2318 2611 καὶ
2349 2558 2456 2611 τῶν
2490 2557 2722 2610 ἐνταῦθα
2743 2558 2961 2610 καὶτῶν
2997 2557 3295 2626 μελλόντων
3327 2555 3664 2625 ἐπι-τύχωμεν

2095 2643 2333 2711 ἀγαθῶν,
2372 2644 2552 2712 χάριτι
2594 2643 2687 2694 καὶ
2729 2640 3105 2712 φιλανθρωπίᾳ
3140 2640 3233 2693 τοῦ
3269 2641 3476 2709 Κυρίου
3518 2639 3665 2709 ἡμῶν

2108 2725 2279 2795 Ἰησοῦ
2315 2725 2584 2796 Χριστοῦ,
2637 2726 2755 2794 μεθ’
2790 2721 2850 2778 οὗ
2897 2725 2973 2796 τῷ
3013 2726 3182 2796 Πατρὶ
3233 2726 3266 2795 ή
3312 2724 3442 2789 δόξα
3489 2726 3583 2775 καὶ
3614 2723 3667 2774 τε)

2096 2810 2314 2879 κράτος,
2344 2811 2460 2878 ἅμα
2496 2807 2572 2879 τῷ
2599 2809 2738 2879 άγίῳ
2771 2809 3063 2877 Πνεύματι,
3087 2808 3180 2862 νῦν
3211 2809 3304 2861 καὶ
3332 2809 3442 2871 ἀεὶ,
3471 2808 3566 2859 καὶ
3595 2809 3667 2868 εἰς

2097 2891 2221 2954 τοὺς
2243 2891 2442 2955 αἰῶνας
2463 2891 2568 2945 τῶν
2595 2890 2822 2944 αἰώνων.
2861 2891 3051 2962 ’Δμήν.

2677 3083 2917 3137 OMh‘uA
2955 3083 3083 3138 Nﬂ'.

2095 3247 2203 3303 Kal
2260 3247 2608 3317 ἀναϐλέψας
2625 3317 2648 3320 ι
2670 3251 2869 3303 Ἰακὼϐ
2913 3246 3033 3304 εἶδε
3080 3253 3470 3320 παρεμϐολὴν
3526 3255 3667 3306 Θεοῦ

2164 3317 2721 3387 παρεμϐεϐληκυῖαν
2745 3360 2759 3382 ,
2814 3321 2911 3387 καί
2958 3317 3359 3387 συνήντησαν
3409 3317 3575 3381 αὐτῷ
3619 3328 3667 3378 οι

2165 3386 2404 3456 ἄγγελοι
2443 3389 2543 3442 τοῦ
2583 3391 2751 3444 Θεοῦ.
2781 3386 2928 3443 Εῑπε
2959 3391 3026 3443 δὲ
3055 3386 3268 3452 Ἰακὼϐ,
3292 3393 3480 3458 ἡνίκα
3513 3391 3668 3447 εἶδεν

2165 3461 2418 3528 αὐτούς’
2465 3461 2814 3528 Παρεμϐολὴ
2848 3461 2995 3514 Θεοῦ
3035 3462 3219 3527 αὕτη·
3270 3463 3368 3514 καὶ
3413 3464 3668 3518 ἐκάλεσε

2164 3527 2231 3582 τὸ
2261 3529 2446 3598 ὄνομα
2470 3530 2576 3584 τοῦ
2597 3527 2782 3584 τόπου
2811 3531 3067 3597 ἐκείνου,
3097 3534 3494 3601 Παρεμϐολαί.

2163 3706 2234 3760 α’.
2256 3702 2384 3759 Οἶδα
2405 3707 2487 3760 ὅτι
2510 3708 2824 3778 κεκμήκατε
2841 3707 2984 3778 χθὲς,
3004 3708 3084 3772 είς
3103 3709 3238 3762 πολὺ
3265 3711 3442 3781 μῆκος
3468 3711 3566 3765 τοῦ
3593 3714 3669 3766 λά

2093 3804 2191 3856 γου
2226 3788 2575 3860 προελθόντος
2617 3793 2778 3860 ήμῖνο
2820 3791 2954 3845 ἀλλά
2988 3793 3079 3844 καὶ
3119 3793 3370 3864 θαρσεῖτε
3389 3813 3402 3827 ·
3435 3797 3467 3848 6
3507 3798 3669 3854 κόπος

2094 3871 2248 3941 ὑμῶν
2273 3873 2374 3926 οὐκ
2391 3871 2504 3925 ἐστι
2521 3873 2695 3936 κενός·
2721 3876 2778 3925 ὲν
2797 3875 2984 3945 Κυρίῳ
3003 3876 3108 3946 γάρ
3136 3878 3252 3928 ἐστι
3271 3877 3586 3948 γινόμενος,
3606 3879 3670 3935 δι’

2091 3955 2151 4008 ὃν
2183 3954 2277 4008 καὶ
2298 3956 2326 4007 6
2341 3955 2478 4024 πρὸς
2514 3956 2686 4026 βραχὺ
2719 3958 2878 4020 πόνος
2899 3959 3148 4027 μεγάλων
3178 3958 3386 4028 μισθῶν
3411 3962 3671 4031 πρόξενος

2091 4037 2320 4105 γίνεται.
2348 4038 2410 4091 Ει
2438 4038 2546 4108 γάρ
2575 4040 2669 4091 καὶ
2699 4039 2759 4092 τὸ
2789 4039 2946 4110 σῶμα
2974 4041 3269 4110 κέκμηκεν,
3306 4042 3425 4096 ἀλλ’
3459 4046 3495 4116 ή
3526 4045 3669 4116 ψυχὴ

2093 4120 2253 4173 πλέον
2283 4120 2605 4193 ὲρῤώννυτο.
2643 4121 2734 4174 Διδ
2761 4123 2854 4174 καὶ
2905 4122 3065 4186 αὐτὸς
3107 4124 3248 4194 ὁρῶν
3292 4126 3452 4196 ὑμῶν
3486 4130 3670 4199 ἀκμά-

2092 4205 2252 4268 ζοντα
2289 4206 2380 4258 τὸν
2414 4206 2598 4268 πόθον,
2637 4207 2730 4259 καὶ
2762 4207 2859 4274 τὴν
2885 4207 3178 4276 ἐπιθυμίαν
3209 4208 3668 4283 διεγηγερμὲνην,

2094 4288 2413 4359 βουλόμενος
2443 4288 2718 4342 συστεῖλαι
2749 4288 2846 4359 τὴν
2876 4289 3220 4348 διδασκαλίαν
3238 4333 3253 4356 ,
3298 4293 3404 4345 οὐκ
3437 4296 3671 4366 ἠϐουλή-

2093 4370 2190 4438 θην
2219 4369 2370 4442 [562]
2414 4371 2521 4441 πρὸ
2548 4370 2642 4424 τοῦ
2677 4371 2859 4435 τέλους
2917 4373 2995 4435 είς
3031 4373 3184 4444 σιγὴν
3225 4375 3537 4430 καταλῦσαι
3583 4381 3671 4432 τὸν

2091 4453 2274 4522 λόγον,
2321 4453 2477 4518 εἰδὼς
2508 4455 2584 4517 ὡς
2610 4454 2784 4528 ταύτῃ
2826 4456 3025 4523 μᾶλλον
3067 4457 3193 4526 ὑμῖν
3238 4459 3565 4530 χαριοῦμαι.
3605 4461 3673 4514 T6

2089 4539 2198 4610 γάρ
2255 4537 2458 4608 πλῆθος
2513 4537 2620 4591 τῶν
2664 4541 2968 4610 εἰρημένων
3012 4539 3245 4610 μάλιστα
3302 4544 3521 4598 ἐδείκνυ
3575 4548 3670 4616 τῆς

2091 4621 2362 4692 ὑμετέρας
2389 4621 2673 4690 φιληκοΐας
2701 4623 2799 4691 τὴν
2827 4623 3024 4694 πολλὴν
3052 4625 3284 4697 σπουδήν
3309 4630 3404 4681 καὶ
3425 4630 3523 4683 τὸν
3548 4632 3671 4684 6x6-
3758 4661 3759 4666 η

2093 4722 2282 4778 ρεστον
2327 4705 2522 4758 πόθονο
2558 4705 2648 4759 διὰ
2693 4705 2851 4759 τοῦτο
2895 4708 2989 4761 καὶ
3020 4708 3182 4771 αὐτὸς
3229 4712 3368 4778 μετὰ
3420 4713 3672 4776 πλείονος

2090 4789 2396 4860 προθυμίας
2415 4789 2514 4858 τῆς
2540 4789 2678 4860 πρὸς
2701 4790 2846 4859 ὑμᾶς
2871 4789 3110 4861 ἅπτομαι
3132 4792 3509 4859 διδασκαλίας,
3531 4799 3671 4866 ὁρῶν

2090 4873 2242 4942 ὑμῶν
2265 4872 2386 4928 καθ’
2413 4873 2651 4944 ἑκάστην
2672 4873 2884 4943 ἡμέραν
2905 4874 3207 4946 τὴνόρεξιν
3229 4877 3670 4950 ἐπιτεινομένην.

2087 4958 2223 5027 Φέρε
2257 4953 2354 5009 οὖν
2387 4958 2488 5010 καὶ
2514 4957 2754 5028 σήμερον
2783 4956 2853 5010 τὰ
2889 4957 3017 5026 ἑξῆς
3052 4958 3164 5013 τῶν
3196 4958 3321 5027 χθὲς
3358 4963 3672 5032 εἰρημένων

2088 5041 2230 5097 κατὰ
2255 5039 2483 5110 δύναμιν
2508 5039 2956 5111 ἐπελθόντες,τὴν
2989 5041 3191 5112 συνήθη
3217 5043 3466 5097 ἑστίασιν
3495 5063 3672 5116 παρα-

2089 5123 2269 5194 θῶμεν
2302 5123 2457 5193 ὑμῶν
2495 5125 2562 5194 τῇ
2603 5123 2826 5196 ἀγάπῃ,
2862 5124 2956 5182 καὶ
3002 5125 3230 5194 ἴδωμεν,
3267 5127 3407 5195 μετὰ
3438 5127 3543 5199 τὴν
3578 5129 3672 5186 τοῦ

2086 5210 2272 5264 Λάϐαν
2325 5207 2673 5280 ἀναχώρησιν
2717 5209 2865 5273 ὅπως
2908 5212 2938 5263 6
2976 5209 3179 5273 δίκαιος
3222 5211 3321 5282 τῆς
3360 5213 3671 5285 ὁδοιπορίας

2087 5295 2337 5348 ἅπτεται.
2375 5293 2541 5348 Οὐδὲν
2581 5294 2690 5365 γάρ
2737 5295 2905 5366 ἀργὸν
2936 5293 3043 5347 τῶν
3090 5296 3147 5347 ἐν
3186 5299 3254 5366 τῇ
3303 5295 3424 5366 θείᾳ
3476 5298 3518 5349 Γ
3525 5301 3670 5367 ραφῇ

2087 5377 2354 5447 κειμένων
2383 5377 2552 5441 ἐστὶν,
2586 5376 2724 5431 άλλά
2752 5379 2930 5432 πάντα
2957 5380 3025 5430 τὰ
3057 5379 3161 5430 ὑπὸ
3191 5377 3300 5430 τῶν
3327 5378 3557 5431 δικαίων
3589 5397 3672 5448 γι-

2085 5461 2286 5530 νόμενα
2325 5460 2588 5532 μεγίστης
2624 5461 2784 5532 γέμει
2817 5464 2918 5532 τῆς
2958 5461 3242 5531 ὠφελείας.
3299 5464 3524 5535 Ἐπειδὴ
3561 5467 3670 5534 γὰρ

2084 5545 2176 5598 τὸν
2201 5543 2311 5596 τῶν
2340 5543 2476 5597 ὅλων
2513 5545 2788 5616 Δεσπότην
2825 5540 2970 5614 εἶχον
3003 5545 3264 5615 διηνεκῶς
3303 5548 3494 5609 αὐτοῖς
3524 5565 3666 5616 συμ-
3758 5563 3759 5606 1

2086 5627 2348 5696 παρόντα,
2383 5627 2478 5682 καὶ
2503 5628 2631 5690 τοὺς
2659 5627 2798 5681 κατά
2833 5629 2933 5696 τὴν
2963 5628 3271 5698 ὁδοιπορίαν
3304 5631 3505 5694 πόνους
3548 5635 3664 5683 ἐπι-

2087 5708 2432 5780 κουφίζοντα,
2455 5710 2656 5785 πολλὴν
2687 5713 2780 5767 καὶ
2817 5713 2925 5766 ἀπὸ
2967 5713 3064 5783 τῆς
3093 5713 3258 5783 ψιλῆς
3297 5716 3480 5768 αὐτῶν
3525 5717 3662 5770 ὁδοι-
