3782 6272
107 360 222 417 505

107 480 275 544 uides,
331 492 441 530 mea
486 483 621 541 sunt,
672 484 717 528 et
760 474 983 543 ﬁliarum
1018 488 1243 526 mearum
1271 488 1289 525 :
1318 473 1438 541 quid
1486 474 1702 543 [acerem

106 574 222 626 illis
246 571 417 636 hodie,
451 570 528 624 vel
544 569 713 639 pueris
735 569 819 638 qui
847 568 908 620 ab
930 567 1001 620 eis
1021 576 1134 620 sunt
1162 566 1267 619 nati
1289 566 1313 618 ?
1339 566 1481 629 Scio,
1512 564 1700 633 inquit,

106 665 262 735 quod
292 665 413 719 ﬁlia:
435 679 567 718 mea:
597 670 741 728 sunt,
769 672 821 715 et
848 660 1023 713 omnia
1053 671 1399 727 quaecumque
1430 656 1609 720 habes,
1637 672 1703 710 ex

110 756 415 813 substantia
448 769 563 808 mea
594 759 953 807 accesserunt.
990 749 1125 813 Quid
1164 749 1321 817 igitur
1362 751 1578 818 [acerem
1603 747 1704 800 illis

112 851 289 916 hodie,
320 846 397 903 vel
425 848 593 918 pueris
619 846 705 916 qui
733 846 794 898 ab
819 844 891 899 eis
920 842 1063 897 nati?
1087 842 1176 896 44.
1210 838 1262 893 Ν
1268 856 1363 895 une
1386 842 1541 911 igitur
1568 841 1699 904 veni,

106 952 161 995 et
195 943 423 995 ineamus
451 938 616 1009 [tedas
641 952 732 1007 ego
762 945 809 989 et
828 944 912 1002 tu,
941 944 987 987 et
1013 934 1106 988 erit
1135 933 1186 985 in
1215 932 1546 986 testimonium
1574 932 1702 985 inter

107 1049 196 1087 me
224 1042 272 1086 et
312 1040 376 1084 te.
406 1031 585 1092 Pacta,
610 1027 801 1098 inquit,
832 1026 1107 1093 faciamus,
1142 1023 1208 1078 Et
1227 1034 1372 1078 erunt
1400 1024 1453 1076 in
1481 1023 1702 1077 testimo-

106 1124 257 1176 nium
285 1124 417 1175 inter
449 1136 527 1176 me
554 1129 599 1174 et
630 1130 675 1172 te
706 1133 725 1173 :
751 1117 1070 1187 injudicium
1093 1123 1147 1170 et
1170 1114 1699 1170 demonstrationem.

108 1214 261 1267 Dixit
290 1222 466 1267 autem
495 1212 545 1266 ei
577 1228 590 1264 :
636 1210 691 1265 Si
729 1210 848 1279 quis
894 1206 1194 1277 transgredi
1222 1206 1558 1260 attentaverit
1584 1220 1701 1274 quae

106 1320 257 1359 nunc
288 1320 319 1358 a
348 1303 499 1358 nobis
524 1310 648 1357 sunt
672 1301 941 1371 proposita
986 1318 998 1354 :
1045 1298 1179 1353 Ecce
1218 1298 1391 1353 nullus
1418 1297 1697 1364 nobiscum,

107 1394 255 1451 Deus
281 1405 450 1449 autem
474 1394 612 1448 testis
638 1395 767 1446 inter
794 1408 873 1445 nte
897 1401 941 1445 et
972 1401 1037 1445 te.

186 1487 241 1542 8.
284 1484 575 1541 Considera
618 1481 885 1553 quomodo
931 1479 1182 1549 paulatim
1221 1488 1273 1534 et
1300 1477 1477 1532 Laban
1508 1478 1572 1531 ad
1606 1493 1699 1532 eo-

108 1579 409 1649 gnitionem
457 1576 552 1631 Dei
596 1575 825 1629 ducitur.
883 1572 1014 1627 Nam
1044 1572 1133 1642 qui
1159 1581 1280 1626 ante
1310 1570 1412 1625 hoc
1447 1570 1703 1639 arguebat

106 1674 311 1743 justum
343 1672 409 1727 de
439 1672 579 1726 furto
607 1670 832 1725 deorum
862 1685 1100 1734 suorum,
1152 1678 1206 1723 et
1240 1677 1437 1721 tantam
1486 1674 1701 1735 propter

106 1782 207 1820 eos
234 1766 616 1821 scrutationem
655 1763 902 1829 faciebat,
953 1777 1093 1816 nunc
1124 1761 1329 1829 inquit:
1362 1759 1493 1827 Quia
1524 1758 1701 1812 nullus

107 1870 192 1914 est
239 1858 379 1913 inter
424 1873 543 1924 nos,
587 1856 676 1927 qui
706 1856 892 1925 possit,
947 1854 991 1908 si
1038 1853 1162 1923 quid
1206 1852 1425 1922 posthac
1450 1858 1700 1905 novatum

108 1951 293 2013 fuerit,
336 1949 486 2003 testis
512 1962 632 2003 esse
657 1946 1094 2025 fmdcrismostri,
1129 1945 1269 1999 Deus
1293 1943 1445 2000 testis
1469 1942 1536 1995 sit
1564 1942 1702 1994 inter

109 2058 199 2099 me
229 2054 285 2097 et
330 2053 398 2096 te.
448 2042 563 2108 Ille,
580 2041 768 2111 inquit,
808 2038 980 2103 adest,
1008 2037 1096 2108 qui
1126 2036 1300 2091 omnia
1332 2036 1495 2101 videt,
1541 2048 1698 2103 quem

110 2137 246 2191 nihil
276 2139 443 2192 latere
470 2144 666 2208 potest,
710 2136 799 2204 qui
829 2132 1242 2201 uniuscujusque
1268 2138 1499 2183 mentem
1534 2141 1699 2196 agno-

110 2231 235 2284 scit.
262 2231 350 2285 45.
401 2229 620 2284 Sumens
658 2237 848 2292 autem,
900 2226 1089 2294 inquit,
1135 2222 1295 2276 Jacob
1322 2222 1476 2275 eremit
1504 2220 1701 2273 colum-

110 2339 254 2385 nam,
302 2331 349 2375 et
387 2320 502 2392 fecit
528 2320 706 2373 collem
730 2320 766 2384 ¹,
799 2327 845 2372 et
871 2316 1193 2371 comederunt
1213 2329 1362 2384 super
1379 2312 1576 2366 collem.
1611 2310 1700 2364 47.

112 2413 183 2466 Et
227 2414 355 2466 dixit
401 2414 443 2466 ei
485 2409 663 2465 Laban
710 2426 726 2463 :
774 2409 929 2464 Collis
956 2409 1036 2461 hic
1066 2416 1275 2461 testatur
1308 2405 1436 2458 inter
1461 2418 1539 2455 me
1562 2412 1609 2455 et
1636 2411 1702 2455 te.

110 2504 255 2570 Quid
284 2514 383 2568 est,
423 2503 580 2559 Collis
606 2502 730 2556 hic?
780 2500 837 2555 Id
863 2509 966 2565 est,
1018 2497 1189 2552 Verba
1220 2510 1338 2565 qua:
1365 2494 1495 2547 fiunt
1521 2492 1571 2547 in
1604 2491 1706 2545 hoc

112 2598 254 2652 colle
277 2596 533 2649 memoria
557 2602 809 2663 perpetua
838 2590 993 2645 nobis
1021 2597 1194 2643 erunt.
1225 2585 1288 2639 Et
1310 2586 1500 2638 vocavit
1526 2598 1706 2636 nomen

115 2692 234 2755 eius
265 2690 379 2754 loci,
414 2688 571 2744 Collis
603 2684 893 2739 testimonii.
941 2680 1138 2736 Deinde
1166 2677 1335 2746 inquit
1367 2695 1380 2730 :
1414 2675 1502 2730 49.
1554 2674 1706 2741 Aspi-

113 2789 215 2842 ciat
256 2786 394 2840 Deus
434 2785 565 2837 inter
595 2795 674 2834 me
709 2790 757 2832 et
788 2788 854 2831 te.
907 2773 1135 2829 Attende
1179 2770 1446 2841 quomodo
1496 2783 1704 2838 pmnain

114 2882 313 2934 iterum
356 2892 383 2928 a
428 2875 540 2928 Deo
580 2871 896 2940 deprecatur
939 2866 1139 2921 Laban.
1195 2864 1459 2931 Aspiciat,
1516 2859 1704 2929 inquit,

116 2971 261 3023 Deus
286 2969 413 3021 inter
424 2981 505 3019 me
531 2975 575 3020 et
592 2965 724 3017 inter
748 2972 817 3027 te,
840 2961 958 3029 quia
980 2958 1265 3013 secedemus
1293 2954 1420 3008 alter
1442 2952 1502 3005 ab
1523 2952 1703 3006 altera.

116 3062 295 3125 Nunc,
329 3061 518 3129 inquit,
569 3055 955 3125 separabimur,
989 3058 1042 3105 et
1069 3059 1121 3103 tu
1152 3047 1363 3118 quidem
1392 3045 1492 3102 ibis
1514 3047 1564 3098 in
1598 3052 1706 3097 ter-

116 3169 236 3207 ratu
258 3150 541 3221 propriam,
563 3162 662 3218 ego
686 3154 860 3200 autem
887 3142 1071 3197 redibo
1093 3140 1144 3194 in
1166 3139 1381 3193 domum
1404 3151 1597 3190 meam.
1618 3134 1707 3187 50.

118 3245 180 3300 Si
211 3240 552 3296 Ituntiliaveris
580 3240 715 3307 ﬁlias
741 3253 897 3299 meas,
927 3235 971 3287 si
997 3231 1246 3300 acceperis
1275 3243 1454 3283 uxores
1478 3228 1544 3279 ad
1575 3224 1710 3293 [ilius

119 3354 282 3400 meas,
331 3333 460 3397 vide,
507 3332 679 3386 nullus
724 3328 983 3383 nobiscum
1035 3334 1107 3379 est
1158 3323 1245 3394 qni
1301 3321 1500 3386 videat;
1574 3317 1710 3371 Deus

120 3431 283 3485 testis.
328 3408 620 3482 Considera
668 3421 937 3491 quomodo
990 3417 1157 3471 semel
1205 3424 1258 3468 et
1311 3414 1503 3466 iterum
1551 3418 1712 3478 atque

120 3521 324 3591 saepius
378 3518 545 3572 Deum
599 3515 649 3569 in
703 3522 889 3567 testem
935 3517 1106 3562 vocat.
1161 3505 1294 3571 Quia
1349 3501 1707 3572 providentia,

122 3628 287 3683 quam
344 3615 598 3677 expertus
665 3613 781 3659 erat
841 3599 1045 3663 JiICUl),
1113 3596 1290 3651 docuit
1353 3608 1473 3647 eum
1541 3606 1709 3659 quan-

122 3679 175 3758 ta
221 3708 365 3755 esset
389 3698 597 3753 Domini
624 3692 888 3764 potentia,
918 3699 972 3744 et
999 3687 1138 3758 quod
1167 3683 1491 3754 impossibile
1520 3684 1589 3736 sit
1617 3679 1715 3732 ali-

123 3796 254 3867 quid
288 3793 555 3850 oceultum
591 3804 710 3844 esse
738 3787 892 3842 oculo
919 3784 1005 3854 qui
1034 3781 1321 3835 dormitare
1347 3776 1548 3845 nequit.
1579 3773 1712 3825 Pro-

128 3862 314 3957 pterea
362 3881 529 3953 inquit
572 3897 586 3933 :
638 3876 857 3932 Etiamsi
902 3886 1240 3942 separemur,
1284 3865 1489 3922 etiamsi
1535 3862 1715 3916 nullus

126 3978 267 4031 alius
294 3974 433 4029 adsit
462 3971 552 4042 qui
582 3968 848 4024 testilirari
884 3964 1079 4034 possit,
1110 3963 1198 4015 ille
1227 3962 1375 4014 testis
1401 3957 1501 4011 erit
1523 3956 1736 4023 ubique

127 4082 372 4140 praesens
405 4085 417 4121 :
452 4080 546 4134 per
570 4062 776 4131 singula
801 4060 959 4114 verba
988 4057 1143 4111 docet
1172 4054 1345 4123 ipsum
1376 4050 1535 4106 totius
1561 4057 1717 4102 terra:

130 4177 254 4217 esse
302 4158 599 4213 Dominum.
649 4155 739 4209 51.
791 4151 854 4204 Et
898 4149 1024 4203 dixit
1064 4146 1224 4200 Jacob
1255 4161 1272 4198 :
1305 4144 1432 4198 Ecce
1467 4141 1609 4195 collis
1636 4140 1719 4191 ille

138 4263 364 4309 'cstutur.
406 4249 497 4306 52.
526 4248 719 4302 Deinde
747 4247 925 4299 iterum
955 4242 1130 4295 Laban
1155 4241 1312 4309 inquit
1341 4254 1359 4291 :
1393 4236 1451 4292 Si
1475 4236 1606 4290 enim
1630 4249 1720 4303 ego

132 4364 238 4402 non
280 4344 523 4397 transiero
565 4342 634 4395 ad
679 4350 759 4404 te,
805 4352 960 4406 neque
999 4344 1051 4386 tn
1090 4343 1315 4385 transeas
1341 4328 1411 4382 ad
1440 4344 1517 4381 me
1541 4325 1722 4380 callent

133 4440 270 4495 hunc
318 4443 362 4489 el
405 4433 687 4487 columnam
733 4430 864 4482 Itane
906 4427 958 4479 in
1003 4424 1196 4476 malitia
1226 4438 1239 4474 :
1267 4421 1356 4477 55.
1398 4418 1535 4471 Deus
1557 4417 1723 4469 Abra-

132 4534 290 4594 limit,
319 4537 366 4582 et
396 4526 532 4580 Deus
564 4519 979 4590 Nachorjudicet
1005 4517 1134 4569 inter
1153 4529 1262 4565 nos.
1298 4510 1429 4584 Vide
1458 4506 1724 4576 quomodo

135 4638 259 4677 cum
303 4631 454 4689 patre
496 4627 551 4671 et
589 4629 747 4668 avum
795 4626 947 4665 suum
989 4606 1290 4675 conjunxit,
1319 4601 1407 4671 qui
1438 4599 1601 4653 frater
1624 4596 1726 4650 fuit

136 4711 491 4783 patriarchze,
540 4707 707 4776 ipsius
746 4712 923 4758 autem
966 4714 1114 4753 avus.
1166 4696 1301 4749 Deus
1346 4692 1634 4754 Abraham,
1680 4696 1728 4740 et

138 4782 281 4859 Deus
330 4802 540 4856 Nae/tor
574 4798 769 4869 judicet
806 4795 936 4849 inter
977 4807 1088 4845 nos.
1117 4789 1205 4843 54.
1254 4784 1319 4839 Et
1345 4784 1537 4855 juravit
1564 4782 1724 4845 Jacob

141 4916 232 4969 per
268 4896 494 4949 timerent
522 4891 621 4945 Dei
649 4889 805 4960 patris
823 4886 902 4941 sui
929 4883 1109 4948 Isaac,
1139 4889 1183 4933 et
1212 4876 1510 4945 sacriﬁcavit
1534 4872 1732 4941 sacriﬁ-

143 4967 280 5044 cium
305 4988 357 5040 in
388 4993 555 5039 monte
580 4997 598 5036 :
628 4990 673 5036 et
698 4978 887 5034 vocavit
916 4979 1099 5047 fratres
1124 4987 1241 5025 suos
1272 4985 1291 5024 :
1319 4978 1364 5025 et
1385 4967 1727 5030 comederunt,

144 5093 189 5136 et
216 5081 483 5145 biberunt,
510 5085 557 5131 et
576 5074 886 5134 dormierunt
916 5070 968 5123 in
994 5077 1177 5121 monte.
1203 5063 1522 5132 Sacriﬁcauit
1538 5060 1734 5128 sacriﬁ-

146 5174 282 5226 cium
319 5170 372 5224 in
401 5176 569 5223 monte
596 5181 617 5220 :
650 5163 875 5235 gratias,
908 5160 1106 5231 inquit,
1134 5157 1243 5227 egit
1280 5155 1388 5210 Deo
1416 5153 1485 5209 ob
1523 5167 1584 5207 ea
1615 5166 1734 5221 qua:

147 5261 493 5323 acciderant;
536 5257 603 5311 Et
642 5255 1001 5317 comederunt,
1048 5260 1095 5305 et
1136 5251 1390 5314 biberunt,
1433 5256 1479 5302 et
1521 5245 1738 5303 dormie-

151 5366 274 5409 runt
316 5354 371 5407 in
420 5360 605 5406 monte.
650 5348 740 5404 55.
785 5346 1018 5401 Surrexit
1057 5352 1225 5397 autem
1268 5340 1445 5394 Laban
1485 5353 1663 5402 mane,
1689 5345 1737 5388 et

152 5446 410 5502 osculatus
447 5442 696 5510 esLIilios
721 5456 837 5494 suos
862 5448 908 5493 et
936 5436 1073 5505 ﬁlias
1099 5452 1216 5489 suas
1236 5475 1251 5500 ,
1284 5443 1328 5487 et
1355 5430 1601 5486 benedixit
1631 5443 1734 5481 eos.

155 5537 223 5593 Et
262 5552 488 5591 reversus
523 5533 700 5587 Laban
728 5532 849 5585 abiit
886 5531 939 5585 in
963 5531 1127 5587 locum
1152 5543 1318 5581 suum.
1353 5523 1578 5590 Vidisti,
1608 5520 1738 5575 dile-

221 5675 239 5706 '
276 5677 332 5723 ει
355 5669 467 5733 fecit
490 5667 675 5720 collem.
715 5675 825 5733 Haec
855 5664 1074 5733 pluribus
1110 5668 1366 5733 narrantur
1384 5664 1432 5712 in
1455 5670 1594 5733 textu
1619 5666 1741 5733 seri.

157 5741 332 5797 pturte,
352 5724 434 5782 ubi
459 5733 631 5782 dicitur
655 5730 798 5779 Jaoob
834 5724 1126 5797 praecepisse
1151 5724 1382 5797 fratribus
1417 5727 1519 5778 suis
1543 5735 1596 5778 ut
1619 5726 1743 5790 lapi-

160 5786 251 5855 llos
270 5786 629 5854 concert-arent,
655 5786 901 5858 exque
914 5786 1088 5841 collem
1104 5786 1428 5840 constituisse.

1111 355 1176 409 IN
1205 354 1351 413 CAP.
1380 354 1592 411 XXXII.
1618 356 1861 415 GENES.
1906 360 2130 419 IIOMIL.
2175 364 2353 421 LVlll.

3275 381 3381 438 506

1812 487 1930 543 cte,
1974 491 2167 548 quanta
2217 483 2310 537 Dei
2357 483 2648 552 sapientia,
2695 489 2961 556 quomodo
3008 506 3110 545 uno
3156 493 3290 548 facto
3332 505 3384 552 et

1810 581 1958 622 Suam
1999 585 2121 639 erga
2156 572 2353 639 justum
2393 575 2680 630 declaravit
2716 580 3131 645 providentiam,
3155 593 3207 636 et
3236 586 3384 640 illum

1809 661 1878 715 ab
1916 662 2170 730 injustitia
2198 665 2447 730 abduxit,
2479 678 2531 723 et
2562 670 2612 723 in
2643 669 2833 725 divinae
2862 672 3058 727 notitia:
3086 676 3224 729 viam
3253 692 3383 744 pau-

1809 751 1954 805 latim
1984 754 2195 808 induxit
2224 756 2489 811 Labanum
2506 800 2520 823 ,
2552 759 2943 815 interminando
2963 764 3008 816 ei
3034 779 3102 819 ne
3119 766 3240 833 quid
3257 769 3383 821 mali

1808 852 1995 899 contra
2019 844 2187 901 Jacob
2213 848 2547 917 loqueretur:
2566 860 2621 904 et
2644 853 2733 921 qui
2761 854 2911 922 quasi
2934 853 3042 909 fera
3073 859 3383 912 accurrebat

1808 944 1861 988 et
1888 938 2344 1006 comprehendere
2376 949 2533 1011 atque
2575 925 2873 998 interlieere
2923 946 3165 1013 volebat,
3191 947 3385 1002 desinit

1808 1029 1862 1084 in
1886 1029 2253 1086 defensionem
2276 1073 2291 1096 ,
2323 1041 2378 1087 et
2406 1032 2459 1086 in
2490 1033 2718 1088 ﬁliorum
2751 1035 3080 1105 ﬁliarumque
3106 1036 3383 1092 deoscula-

1807 1121 2039 1187 tionem,
2083 1130 2138 1177 et
2178 1124 2255 1178 sic
2284 1124 2498 1178 domum
2529 1126 2702 1181 redit?
2740 1127 2899 1182 Forte
2925 1128 3180 1196 prolixius
3206 1143 3387 1183 sermo

1804 1227 1865 1266 se
1905 1213 2173 1278 extendit,
2220 1214 2313 1269 sed
2354 1217 2610 1286 ignoscite
2640 1234 2652 1269 :
2682 1232 2786 1271 non
2831 1218 2930 1272 hoc
2955 1228 3142 1287 sponte
3168 1220 3387 1274 admisi-

1805 1316 1926 1359 mus
1950 1343 1964 1366 ,
2000 1304 2094 1357 sed
2121 1305 2294 1374 coegit
2322 1321 2420 1360 nos
2438 1306 2677 1360 historim
2705 1307 2858 1361 ratio.

1876 1394 2091 1449 Moralis
2129 1397 2429 1451 exhortatio.
2476 1429 2549 1438 —
2586 1398 2710 1453 ldeo
2755 1400 2839 1453 hic
2876 1400 3095 1455 missum
3127 1399 3381 1455 facientes

1805 1500 2107 1542 sermonem
2135 1528 2148 1553 ,
2188 1503 2403 1542 oramus
2429 1499 2657 1544 vestram
2684 1491 2958 1545 caritatem
2977 1530 2994 1556 ,
3026 1500 3083 1545 ut
3106 1491 3280 1545 omnia
3308 1490 3386 1544 [ι-

1803 1578 2004 1633 ciamus
2044 1590 2096 1633 et
2139 1589 2456 1645 tractemus,
2501 1597 2607 1650 quo
2644 1596 2928 1649 supernam
2956 1580 3108 1634 nobis
3130 1581 3383 1635 concilie-

1806 1685 1922 1722 mus
1969 1669 2417 1725 benevolentiam.
2458 1670 2587 1723 Nam
2615 1671 2660 1724 si
2696 1671 2863 1725 Deum
2891 1670 3227 1724 habuerimus
3252 1671 3384 1723 ami-

1804 1775 1924 1814 cum
1950 1803 1963 1823 ,
1991 1763 2167 1815 omnia
2198 1762 2349 1814 nobis
2380 1762 2550 1815 facilia
2577 1770 2733 1815 erunt
2762 1779 2775 1814 :
2804 1770 2858 1815 et
2888 1760 3015 1814 nihil
3042 1776 3138 1814 nos
3165 1748 3216 1814 in
3248 1777 3383 1829 prte-

1805 1851 1943 1903 senti
1985 1852 2088 1904 vita
2135 1853 2450 1906 contristare
2497 1852 2723 1920 poterit,
2763 1852 3005 1920 quamvis
3035 1850 3381 1919 injucuudum

1803 1955 1925 1995 esse
1951 1942 2209 1995 videatur.
2259 1941 2427 1995 Tanta
2457 1942 2599 1995 enim
2631 1942 2748 2009 ejus
2778 1941 2985 1994 virtutis
3009 1951 3091 1995 est
3117 1941 3384 1995 excellen-

1806 2034 1911 2096 tia,
1956 2044 2012 2087 ut
2058 2034 2217 2088 etiam
2262 2049 2322 2088 ea
2367 2049 2487 2102 qua:
2527 2036 2693 2088 tristia
2744 2044 2894 2097 sunt,
2935 2035 3165 2103 jucunda
3210 2032 3386 2087 facere

1804 2134 1983 2193 queat.
2007 2125 2095 2179 Sic
2115 2133 2169 2179 et
2197 2125 2392 2179 Paulus
2418 2125 2469 2179 in
2496 2124 2871 2179 afﬂictionibus
2900 2126 3160 2179 exsistens
3184 2124 3384 2193 gaude-

1807 2221 1895 2275 bat
1922 2230 1978 2274 et
2005 2219 2303 2274 exsultabat
2323 2220 2721 2287 exspectatione
2749 2218 3103 2285 repositorum
3128 2216 3384 2269 bonorum

1805 2312 2070 2365 animatus
2101 2312 2273 2381 (Rom.
2299 2311 2352 2365 5.
2384 2309 2438 2363 2.
2465 2311 2537 2369 5).
2571 2310 2853 2379 Propterea
2882 2319 2935 2362 et
2963 2307 3215 2375 prOpheta
3241 2307 3387 2360 diee-

1813 2404 1902 2457 bat
1935 2419 1947 2453 ε
1984 2400 2047 2453 In
2075 2402 2338 2471 afﬂictione
2365 2399 2590 2453 dilatasti
2619 2400 2739 2452 mihi
2782 2398 2951 2468 (l’sal.
2984 2398 3034 2451 4.
3064 2397 3122 2466 2)
3152 2414 3165 2449 :
3190 2396 3389 2450 docens

1811 2508 1907 2547 nos
1932 2532 1946 2555 ,
1984 2492 2148 2546 Deum
2182 2507 2238 2545 se
2262 2493 2311 2545 in
2348 2491 2460 2559 ipsa
2491 2490 2779 2544 afflictione
2807 2490 3029 2543 liberum
3060 2498 3115 2542 et
3137 2488 3389 2556 tranquil.

1810 2585 1919 2638 lum
1966 2584 2334 2637 constituisse.
2383 2582 2565 2636 Talem
2598 2582 2756 2651 igitur
2785 2582 3041 2634 habentes
3073 2578 3351 2632 Dominum
3374 2618 3389 2642 ,

1811 2687 1915 2729 tam
1957 2683 2260 2744 potentem,
2305 2684 2410 2727 tam
2451 2674 2747 2742 sapientem
2771 2713 2787 2738 ,
2838 2681 3048 2739 tamque
3088 2670 3388 2723 nti-ericor-

1809 2769 1962 2833 dem,
2007 2767 2150 2837 quod
2193 2776 2433 2820 nostrum
2476 2776 2557 2820 est
2592 2766 2906 2825 aderamus,
2938 2762 3251 2829 virtutisque
3277 2776 3388 2812 ma-

1812 2876 1969 2931 gnam
2001 2860 2293 2915 habeamus
2322 2858 2579 2912 rationem
2602 2899 2617 2921 ,
2649 2866 2704 2910 ut
2736 2866 2840 2909 non
2871 2856 3043 2909 solum
3072 2853 3346 2922 praesentia
3374 2893 3388 2913 ,

1811 2952 1905 3008 sed
1946 2961 2000 3006 et
2037 2950 2210 3005 futura
2252 2950 2390 3004 bona
2427 2963 2845 3018 consequamur,
2873 2948 3039 3017 gratia
3070 2956 3123 2999 et
3148 2945 3391 3013 benigni-

1813 3053 1918 3098 tate
1946 3043 2151 3096 Domini
2181 3041 2347 3095 nostri
2374 3040 2501 3095 .lesu
2528 3039 2756 3103 Christi,
2784 3053 2903 3091 cum
2933 3052 3039 3105 quo
3064 3035 3205 3089 Patri
3233 3034 3388 3087 simul

1811 3146 1866 3192 et
1911 3136 2131 3205 Spiritui
2179 3144 2363 3188 sancto
2406 3134 2476 3187 sit
2520 3132 2721 3203 gloria,
2774 3130 3051 3198 imperium
3087 3170 3103 3195 ,
3149 3141 3289 3181 nunc
3336 3134 3390 3180 et

1811 3242 2024 3298 semper
2042 3268 2055 3292 ,
2088 3236 2143 3283 et
2166 3228 2219 3281 in
2249 3227 2442 3281 saecula
2469 3222 2805 3280 satculorum.
2830 3221 3022 3274 Amen.

2361 3357 2639 3415 llOMlLIA
2676 3356 2857 3412 LVIII.

1819 3503 1878 3557 Et
1904 3504 2103 3558 elevatis
2132 3502 2289 3556 oculis
2314 3498 2472 3553 Jacob
2500 3497 2625 3550 vidit
2661 3505 2826 3548 castra
2869 3492 2961 3547 Dei
2984 3501 3167 3545 metata
3190 3532 3204 3556 ,
3227 3501 3273 3545 et
3302 3507 3389 3545 oc-

1883 3604 2143 3649 currerunt
2180 3593 2227 3647 ei
2255 3592 2419 3662 angeli
2443 3589 2575 3653 Dei;
2607 3603 2729 3656 quos
2748 3602 2861 3641 cum
2881 3586 3080 3638 vidisset
3103 3625 3119 3651 ,
3151 3584 3277 3636 dixit
3302 3581 3403 3636 Ja-

1886 3689 1977 3742 cob
2021 3703 2040 3741 :
2083 3686 2261 3740 Castra
2286 3683 2381 3736 Dei
2408 3690 2524 3737 sunt
2552 3682 2658 3734 lucc
2679 3720 2694 3741 ,
2724 3688 2770 3731 et
2794 3677 3064 3747 appellavit
3093 3692 3270 3729 nomen
3298 3676 3394 3729 loci

1886 3780 2023 3833 illius
2042 3820 2056 3844 ,
2084 3778 2262 3831 Castra
2291 3774 2440 3844 (Gen.
2469 3772 2556 3827 52.
2588 3768 2751 3841 l.-2).

1888 3938 1940 3991 1.
1960 3933 2081 3990 Scio
2106 3947 2202 3986 vos
2223 3929 2340 3985 heri
2365 3926 2679 3997 defatigatos
2692 3924 2888 3991 fuisse,
2919 3922 3073 3978 nobis
3101 3936 3400 3979 sermonem

1822 4027 2079 4098 prolixius
2103 4018 2512 4078 extendentibus
2542 4035 2555 4071 :
2587 4016 2682 4071 sed
2711 4015 2851 4069 bono
2880 4024 3052 4069 estote
3072 4013 3248 4067 animo
3273 4029 3287 4076 ;
3319 4012 3401 4066 la-

1822 4120 1920 4195 bor
1963 4126 2143 4172 vester
2190 4130 2297 4169 non
2342 4121 2425 4166 est
2471 4109 2641 4164 inanis
2672 4126 2684 4160 :
2721 4108 2772 4160 in
2804 4105 3030 4160 Domino
3058 4105 3200 4160 enim
3233 4104 3401 4158 factus

1823 4220 1935 4277 est,
1966 4219 2183 4281 propter
2207 4222 2364 4277 quem
2390 4212 2447 4261 et
2469 4202 2643 4257 brevis
2669 4200 2815 4255 labor
2834 4214 3080 4269 magnam
3101 4198 3402 4253 mercedem

1822 4304 1976 4360 vobis
2018 4303 2273 4356 allaturos
2320 4308 2421 4353 est.
2471 4294 2607 4350 Nam
2650 4293 2773 4347 licet
2818 4306 3012 4361 corpus
3056 4290 3363 4360 fatigaretur
3390 4331 3405 4351 .

1825 4398 2003 4453 anima
2049 4405 2226 4449 tamen
2272 4391 2441 4460 magis
2477 4385 2909 4442 confnmabatur.
2952 4384 3078 4440 ldeo
3106 4394 3161 4439 et
3188 4384 3300 4453 ipse
3327 4385 3403 4436 vi-

1827 4487 1959 4542 dens
1996 4495 2231 4541 vestrum
2277 4483 2486 4537 fervens
2527 4477 2851 4533 desiderium
2888 4484 2941 4530 et
2970 4475 3239 4541 studium,
3264 4473 3406 4527 vole-

1827 4577 1948 4633 bam
1978 4574 2293 4631 contrahere
2321 4570 2578 4626 doctrina:
2612 4582 2953 4631 sermonem;
2990 4565 3083 4620 sed
3127 4573 3407 4633 antequam

1830 4670 2075 4751 ﬁnjgetur
2121 4666 2375 4729 historia,
2428 4661 2610 4727 nolui,
2650 4661 2827 4716 sciens
2872 4673 2957 4713 me
2999 4657 3152 4712 vobis
3193 4656 3292 4710 hac
3325 4671 3407 4708 ra-

1832 4746 1978 4819 tio-ne
2019 4762 2187 4831 magis
2211 4758 2646 4830 gratiﬁcaturum.
2676 4752 2954 4809 Multitudo
2980 4752 3121 4805 enim
3147 4750 3409 4804 dictorum

1834 4856 1963 4912 satis
2001 4853 2309 4910 declarabat
2351 4847 2675 4919 inexplebile
2717 4853 2949 4901 vestrum
2999 4840 3318 4897 desiderium
3358 4847 3412 4892 et

1835 4949 2068 5004 studium
2111 4944 2358 5001 audiendi
2403 4943 2614 4998 avidum
2664 4957 2677 4993 :
2730 4946 3006 5008 propterea
3048 4942 3103 4988 et
3144 4934 3257 5000 ipse
3293 4946 3413 4985 cum

1837 5042 2027 5110 majori
2069 5039 2345 5093 alacritate
2374 5051 2469 5091 vos
2494 5034 2690 5089 docere
2716 5030 2939 5098 incipio,
2970 5026 3155 5081 videns
3183 5035 3413 5077 vestram

1839 5132 2077 5204 quotidie
2103 5128 2460 5200 appetentiam
2487 5138 2752 5180 crescere.
2780 5122 2891 5190 Age
2922 5128 2977 5173 et
3007 5116 3161 5171 hodie
3187 5129 3306 5184 quae
3336 5128 3424 5167 se-

1840 5233 2072 5297 quuntur
2112 5222 2414 5277 hesternam
2462 5217 2744 5272 lectionem
2785 5228 2883 5283 pro
2909 5210 3045 5265 virili
3086 5217 3264 5262 nostra
3298 5221 3422 5275 per-

1842 5328 2135 5373 tractemus
2153 5356 2167 5380 ,
2197 5320 2511 5369 consuetum
2531 5319 2722 5363 vestra:
2742 5303 2950 5360 caritati
2968 5300 3268 5357 convivium
3298 5313 3425 5367 pro-

1846 5419 2108 5479 ponentes
2132 5449 2147 5471 ,
2198 5415 2251 5460 et
2276 5404 2580 5467 videamus,
2612 5408 2732 5469 post
2760 5398 3049 5452 discessum
3082 5393 3260 5448 Laban
3289 5405 3423 5460 quo-

1845 5500 2006 5555 modo
2039 5499 2215 5569 justus
2242 5498 2343 5551 iter
2371 5494 2604 5562 arripiat.
2636 5490 2779 5546 Nihil
2806 5488 2947 5544 enim
2976 5496 3427 5555 supervacaneum

1848 5596 1899 5651 in
1939 5594 2120 5649 divina
2166 5590 2436 5659 Scriptura
2475 5588 2704 5659 positum
2749 5592 2869 5650 est,
2914 5581 3011 5637 sed
3050 5581 3227 5634 omnia
3252 5591 3369 5647 quae
3400 5589 3430 5630 a

1843 5686 2002 5756 justis
2045 5685 2219 5749 fiunt,
2257 5680 2485 5735 maxima
2526 5677 2752 5734 utilitate
2798 5674 2956 5745 plena
2996 5681 3142 5727 sunt.
3169 5669 3430 5737 Quoniam

1854 5777 1993 5833 enim
2028 5774 2397 5833 universorum
2430 5770 2708 5826 Dominum
2735 5769 2987 5826 continuo
3010 5762 3307 5819 habuerunt
3335 5771 3429 5813 co-
