  <div class='ocr_page' id='page_1' title='image "/cluster/home/n/w/nwhite01/storage/ocr_20150623/53-54/hvd.32044012465829/513.png"; bbox 0 0 3730 6272; ppageno 0'>
   <div class='ocr_carea' id='block_1_1' title="bbox 366 330 467 387">
    <p class='ocr_par' dir='ltr' id='par_1_1' title="bbox 366 330 467 387">
     <span class='ocr_line' id='line_1_1' title="bbox 366 330 467 387; baseline 0 -1"><span class='ocrx_word' id='word_1_1' title='bbox 366 330 467 387; x_wconf 72' lang='lat'><strong>507</strong></span> 
     </span>
    </p>
   </div>
   <div class='ocr_carea' id='block_1_2' title="bbox 365 446 1942 513">
    <p class='ocr_par' dir='ltr' id='par_1_2' title="bbox 365 446 1942 513">
     <span class='ocr_line' id='line_1_2' title="bbox 365 446 1942 513; baseline 0.001 -14"><span class='ocrx_word' id='word_1_2' title='bbox 365 449 584 513; x_wconf 88' lang='lat' dir='ltr'><strong>mitem,</strong></span> <span class='ocrx_word' id='word_1_3' title='bbox 630 455 684 501; x_wconf 91' lang='lat' dir='ltr'><strong>et</strong></span> <span class='ocrx_word' id='word_1_4' title='bbox 727 446 933 501; x_wconf 90' lang='lat' dir='ltr'><strong>itineris</strong></span> <span class='ocrx_word' id='word_1_5' title='bbox 976 446 1315 501; x_wconf 84' lang='lat' dir='ltr'><strong>difficultates</strong></span> <span class='ocrx_word' id='word_1_6' title='bbox 1358 447 1669 502; x_wconf 72' lang='lat' dir='ltr'><strong>reddentem</strong></span> <span class='ocrx_word' id='word_1_7' title='bbox 1720 447 1942 510; x_wconf 87' lang='lat' dir='ltr'><strong>faciles,</strong></span> 
     </span>
    </p>
   </div>
   <div class='ocr_carea' id='block_1_3' title="bbox 361 538 1947 609">
    <p class='ocr_par' dir='ltr' id='par_1_3' title="bbox 361 538 1947 609">
     <span class='ocr_line' id='line_1_3' title="bbox 361 538 1947 609; baseline 0.004 -18"><span class='ocrx_word' id='word_1_8' title='bbox 361 539 584 591; x_wconf 88' lang='lat' dir='ltr'><strong>multum</strong></span> <span class='ocrx_word' id='word_1_9' title='bbox 631 538 787 591; x_wconf 90' lang='lat' dir='ltr'><strong>ctiam</strong></span> <span class='ocrx_word' id='word_1_10' title='bbox 829 554 926 592; x_wconf 86' lang='lat' dir='ltr'><strong>nos</strong></span> <span class='ocrx_word' id='word_1_11' title='bbox 966 539 1204 593; x_wconf 72' lang='lat' dir='ltr'><strong>utilitatis</strong></span> <span class='ocrx_word' id='word_1_12' title='bbox 1245 555 1313 594; x_wconf 84' lang='lat' dir='ltr'><strong>ex</strong></span> <span class='ocrx_word' id='word_1_13' title='bbox 1356 555 1520 609; x_wconf 87' lang='lat' dir='ltr'><strong>parvo</strong></span> <span class='ocrx_word' id='word_1_14' title='bbox 1545 556 1729 594; x_wconf 89' lang='lat' dir='ltr'><strong>eorum</strong></span> <span class='ocrx_word' id='word_1_15' title='bbox 1759 542 1947 597; x_wconf 84' lang='lat' dir='ltr'><strong>itinere</strong></span> 
     </span>
    </p>
   </div>
   <div class='ocr_carea' id='block_1_4' title="bbox 365 627 1943 699">
    <p class='ocr_par' dir='ltr' id='par_1_4' title="bbox 365 627 1943 699">
     <span class='ocr_line' id='line_1_4' title="bbox 365 627 1943 699; baseline 0.003 -18"><span class='ocrx_word' id='word_1_16' title='bbox 365 643 645 695; x_wconf 55' lang='lat' dir='ltr'><strong>possumus</strong></span> <span class='ocrx_word' id='word_1_17' title='bbox 674 628 965 696; x_wconf 71' lang='lat' dir='ltr'><strong>percipere.</strong></span> <span class='ocrx_word' id='word_1_18' title='bbox 989 627 1117 681; x_wconf 79' lang='lat' dir='ltr'><strong>Nam</strong></span> <span class='ocrx_word' id='word_1_19' title='bbox 1146 638 1421 699; x_wconf 74' lang='lat' dir='ltr'><strong>postquam</strong></span> <span class='ocrx_word' id='word_1_20' title='bbox 1446 630 1625 684; x_wconf 88' lang='lat' dir='ltr'><strong>Laban</strong></span> <span class='ocrx_word' id='word_1_21' title='bbox 1655 632 1704 684; x_wconf 94' lang='lat' dir='ltr'><strong>in</strong></span> <span class='ocrx_word' id='word_1_22' title='bbox 1728 632 1943 685; x_wconf 90' lang='lat' dir='ltr'><strong>domum</strong></span> 
     </span>
    </p>
   </div>
   <div class='ocr_carea' id='block_1_5' title="bbox 361 716 1945 791">
    <p class='ocr_par' dir='ltr' id='par_1_5' title="bbox 361 716 1945 791">
     <span class='ocr_line' id='line_1_5' title="bbox 361 716 1945 791; baseline 0.002 -20"><span class='ocrx_word' id='word_1_23' title='bbox 361 733 512 771; x_wconf 89' lang='lat' dir='ltr'><strong>suam</strong></span> <span class='ocrx_word' id='word_1_24' title='bbox 544 717 704 780; x_wconf 86' lang='lat' dir='ltr'><strong>abiit,</strong></span> <span class='ocrx_word' id='word_1_25' title='bbox 742 719 794 771; x_wconf 89' lang='grc'><strong>1.</strong></span> <span class='ocrx_word' id='word_1_26' title='bbox 825 717 886 769; x_wconf 84' lang='lat' dir='ltr'><strong>Et</strong></span> <span class='ocrx_word' id='word_1_27' title='bbox 907 716 1065 771; x_wconf 90' lang='lat' dir='ltr'><strong>Iacob</strong></span> <span class='ocrx_word' id='word_1_28' title='bbox 1095 720 1227 771; x_wconf 81' lang='lat' dir='ltr'><strong>viam</strong></span> <span class='ocrx_word' id='word_1_29' title='bbox 1251 737 1397 773; x_wconf 85' lang='lat' dir='ltr'><strong>suam</strong></span> <span class='ocrx_word' id='word_1_30' title='bbox 1434 722 1686 791; x_wconf 72' lang='lat' dir='ltr'><strong>perrexit,</strong></span> <span class='ocrx_word' id='word_1_31' title='bbox 1714 732 1761 775; x_wconf 89' lang='lat' dir='ltr'><strong>et</strong></span> <span class='ocrx_word' id='word_1_32' title='bbox 1781 723 1945 776; x_wconf 87' lang='lat' dir='ltr'><strong>eleva-</strong></span> 
     </span>
    </p>
   </div>
   <div class='ocr_carea' id='block_1_6' title="bbox 363 809 1947 877">
    <p class='ocr_par' dir='ltr' id='par_1_6' title="bbox 363 809 1947 877">
     <span class='ocr_line' id='line_1_6' title="bbox 363 809 1947 877; baseline 0.005 -16"><span class='ocrx_word' id='word_1_33' title='bbox 363 810 426 862; x_wconf 90' lang='lat' dir='ltr'><strong>tis</strong></span> <span class='ocrx_word' id='word_1_34' title='bbox 449 809 609 862; x_wconf 79' lang='lat' dir='ltr'><strong>oculis</strong></span> <span class='ocrx_word' id='word_1_35' title='bbox 637 809 756 861; x_wconf 80' lang='lat' dir='ltr'><strong>vidit</strong></span> <span class='ocrx_word' id='word_1_36' title='bbox 784 820 946 863; x_wconf 84' lang='lat' dir='ltr'><strong>castra</strong></span> <span class='ocrx_word' id='word_1_37' title='bbox 974 810 1070 864; x_wconf 88' lang='lat' dir='ltr'><strong>Dei</strong></span> <span class='ocrx_word' id='word_1_38' title='bbox 1095 820 1462 867; x_wconf 89' lang='lat' dir='ltr'><strong>castrametata</strong></span> <span class='ocrx_word' id='word_1_39' title='bbox 1495 830 1598 868; x_wconf 84' lang='lat' dir='ltr'><strong>esse</strong></span> <span class='ocrx_word' id='word_1_40' title='bbox 1621 854 1634 877; x_wconf 98' lang='lat'><strong>,</strong></span> <span class='ocrx_word' id='word_1_41' title='bbox 1653 823 1701 868; x_wconf 88' lang='lat' dir='ltr'><strong>et</strong></span> <span class='ocrx_word' id='word_1_42' title='bbox 1718 831 1947 869; x_wconf 84' lang='lat' dir='ltr'><strong>occurre-</strong></span> 
     </span>
    </p>
   </div>
   <div class='ocr_carea' id='block_1_7' title="bbox 363 900 1945 975">
    <p class='ocr_par' dir='ltr' id='par_1_7' title="bbox 363 900 1945 975">
     <span class='ocr_line' id='line_1_7' title="bbox 363 900 1945 975; baseline 0.006 -23"><span class='ocrx_word' id='word_1_43' title='bbox 363 909 482 955; x_wconf 84' lang='lat' dir='ltr'><strong>runt</strong></span> <span class='ocrx_word' id='word_1_44' title='bbox 522 901 569 954; x_wconf 88' lang='lat' dir='ltr'><strong>ei</strong></span> <span class='ocrx_word' id='word_1_45' title='bbox 602 900 768 972; x_wconf 78' lang='lat' dir='ltr'><strong>angeli</strong></span> <span class='ocrx_word' id='word_1_46' title='bbox 809 901 902 955; x_wconf 77' lang='lat' dir='ltr'><strong>Dei</strong></span> <span class='ocrx_word' id='word_1_47' title='bbox 933 902 1119 973; x_wconf 80' lang='lat' dir='ltr'><strong>(Caput</strong></span> <span class='ocrx_word' id='word_1_48' title='bbox 1145 905 1257 971; x_wconf 71' lang='lat'><strong>52).</strong></span> <span class='ocrx_word' id='word_1_49' title='bbox 1283 906 1566 975; x_wconf 87' lang='lat' dir='ltr'><strong>Postquam</strong></span> <span class='ocrx_word' id='word_1_50' title='bbox 1597 908 1739 962; x_wconf 89' lang='lat' dir='ltr'><strong>enim</strong></span> <span class='ocrx_word' id='word_1_51' title='bbox 1766 922 1945 962; x_wconf 81' lang='lat' dir='ltr'><strong>cessaâ€”</strong></span> 
     </span>
    </p>
   </div>
   <div class='ocr_carea' id='block_1_8' title="bbox 363 991 1947 1067">
    <p class='ocr_par' dir='ltr' id='par_1_8' title="bbox 363 991 1947 1067">
     <span class='ocr_line' id='line_1_8' title="bbox 363 991 1947 1067; baseline 0.005 -24"><span class='ocrx_word' id='word_1_52' title='bbox 363 991 437 1043; x_wconf 78' lang='lat' dir='ltr'><strong>vit</strong></span> <span class='ocrx_word' id='word_1_53' title='bbox 461 1031 477 1056; x_wconf 94' lang='lat'><strong>,</strong></span> <span class='ocrx_word' id='word_1_54' title='bbox 516 1000 570 1045; x_wconf 90' lang='lat' dir='ltr'><strong>et</strong></span> <span class='ocrx_word' id='word_1_55' title='bbox 614 991 774 1046; x_wconf 86' lang='lat' dir='ltr'><strong>finem</strong></span> <span class='ocrx_word' id='word_1_56' title='bbox 824 992 1008 1047; x_wconf 84' lang='lat' dir='ltr'><strong>habuit</strong></span> <span class='ocrx_word' id='word_1_57' title='bbox 1053 995 1211 1048; x_wconf 92' lang='lat' dir='ltr'><strong>timor</strong></span> <span class='ocrx_word' id='word_1_58' title='bbox 1235 995 1435 1050; x_wconf 80' lang='lat' dir='ltr'><strong>Labani</strong></span> <span class='ocrx_word' id='word_1_59' title='bbox 1458 1038 1472 1062; x_wconf 93' lang='lat'><strong>,</strong></span> <span class='ocrx_word' id='word_1_60' title='bbox 1503 998 1712 1067; x_wconf 84' lang='lat' dir='ltr'><strong>excepit</strong></span> <span class='ocrx_word' id='word_1_61' title='bbox 1734 1014 1854 1052; x_wconf 92' lang='lat' dir='ltr'><strong>eum</strong></span> <span class='ocrx_word' id='word_1_62' title='bbox 1881 999 1947 1051; x_wconf 87' lang='lat' dir='ltr'><strong>ti-</strong></span> 
     </span>
    </p>
   </div>
   <div class='ocr_carea' id='block_1_9' title="bbox 366 1082 1947 1155">
    <p class='ocr_par' dir='ltr' id='par_1_9' title="bbox 366 1082 1947 1155">
     <span class='ocr_line' id='line_1_9' title="bbox 366 1082 1947 1155; baseline 0.008 -20"><span class='ocrx_word' id='word_1_63' title='bbox 366 1098 483 1136; x_wconf 88' lang='lat' dir='ltr'><strong>mor</strong></span> <span class='ocrx_word' id='word_1_64' title='bbox 516 1082 696 1138; x_wconf 89' lang='lat' dir='ltr'><strong>fratris</strong></span> <span class='ocrx_word' id='word_1_65' title='bbox 735 1103 750 1139; x_wconf 91' lang='lat'><strong>:</strong></span> <span class='ocrx_word' id='word_1_66' title='bbox 794 1099 1013 1155; x_wconf 82' lang='lat' dir='ltr'><strong>prapter</strong></span> <span class='ocrx_word' id='word_1_67' title='bbox 1041 1088 1143 1141; x_wconf 87' lang='lat' dir='ltr'><strong>hoc</strong></span> <span class='ocrx_word' id='word_1_68' title='bbox 1166 1089 1402 1145; x_wconf 90' lang='lat' dir='ltr'><strong>clemens</strong></span> <span class='ocrx_word' id='word_1_69' title='bbox 1430 1091 1683 1146; x_wconf 86' lang='lat' dir='ltr'><strong>Dominus</strong></span> <span class='ocrx_word' id='word_1_70' title='bbox 1709 1093 1947 1148; x_wconf 87' lang='lat' dir='ltr'><strong>animare</strong></span> 
     </span>
    </p>
   </div>
   <div class='ocr_carea' id='block_1_10' title="bbox 365 1176 1947 1249">
    <p class='ocr_par' dir='ltr' id='par_1_10' title="bbox 365 1176 1947 1249">
     <span class='ocr_line' id='line_1_10' title="bbox 365 1176 1947 1249; baseline 0.007 -22"><span class='ocrx_word' id='word_1_71' title='bbox 365 1176 560 1242; x_wconf 86' lang='lat' dir='ltr'><strong>justum</strong></span> <span class='ocrx_word' id='word_1_72' title='bbox 587 1177 771 1229; x_wconf 89' lang='lat' dir='ltr'><strong>volens</strong></span> <span class='ocrx_word' id='word_1_73' title='bbox 791 1219 803 1238; x_wconf 89' lang='lat'><strong>,</strong></span> <span class='ocrx_word' id='word_1_74' title='bbox 839 1187 893 1231; x_wconf 89' lang='lat' dir='ltr'><strong>et</strong></span> <span class='ocrx_word' id='word_1_75' title='bbox 912 1194 1122 1233; x_wconf 70' lang='lat' dir='ltr'><strong>onlnem</strong></span> <span class='ocrx_word' id='word_1_76' title='bbox 1144 1179 1259 1249; x_wconf 87' lang='lat' dir='ltr'><strong>ejus</strong></span> <span class='ocrx_word' id='word_1_77' title='bbox 1284 1192 1482 1236; x_wconf 90' lang='lat' dir='ltr'><strong>metum</strong></span> <span class='ocrx_word' id='word_1_78' title='bbox 1503 1182 1793 1248; x_wconf 79' lang='lat' dir='ltr'><strong>discutere,</strong></span> <span class='ocrx_word' id='word_1_79' title='bbox 1825 1184 1947 1238; x_wconf 91' lang='lat' dir='ltr'><strong>fecit</strong></span> 
     </span>
    </p>
   </div>
   <div class='ocr_carea' id='block_1_11' title="bbox 366 1266 1942 1346">
    <p class='ocr_par' dir='ltr' id='par_1_11' title="bbox 366 1266 1942 1346">
     <span class='ocr_line' id='line_1_11' title="bbox 366 1266 1942 1346; baseline 0.008 -29"><span class='ocrx_word' id='word_1_80' title='bbox 366 1273 423 1318; x_wconf 89' lang='lat' dir='ltr'><strong>ut</strong></span> <span class='ocrx_word' id='word_1_81' title='bbox 449 1266 757 1334; x_wconf 82' lang='lat' dir='ltr'><strong>angelorum</strong></span> <span class='ocrx_word' id='word_1_82' title='bbox 776 1268 980 1322; x_wconf 78' lang='lat' dir='ltr'><strong>videret</strong></span> <span class='ocrx_word' id='word_1_83' title='bbox 1006 1280 1197 1325; x_wconf 90' lang='lat' dir='ltr'><strong>castra.</strong></span> <span class='ocrx_word' id='word_1_84' title='bbox 1231 1271 1566 1328; x_wconf 53' lang='lat' dir='ltr'><strong>Occiae-erunt</strong></span> <span class='ocrx_word' id='word_1_85' title='bbox 1580 1275 1729 1337; x_wconf 89' lang='lat' dir='ltr'><strong>enim,</strong></span> <span class='ocrx_word' id='word_1_86' title='bbox 1755 1275 1942 1346; x_wconf 85' lang='lat' dir='ltr'><strong>inquit,</strong></span> 
     </span>
    </p>
   </div>
   <div class='ocr_carea' id='block_1_12' title="bbox 366 1356 1945 1431">
    <p class='ocr_par' dir='ltr' id='par_1_12' title="bbox 366 1356 1945 1431">
     <span class='ocr_line' id='line_1_12' title="bbox 366 1356 1945 1431; baseline 0.01 -25"><span class='ocrx_word' id='word_1_87' title='bbox 366 1356 411 1407; x_wconf 88' lang='lat' dir='ltr'><strong>ei</strong></span> <span class='ocrx_word' id='word_1_88' title='bbox 433 1357 600 1426; x_wconf 82' lang='lat' dir='ltr'><strong>angeli</strong></span> <span class='ocrx_word' id='word_1_89' title='bbox 620 1357 734 1411; x_wconf 85' lang='lat' dir='ltr'><strong>Dei.</strong></span> <span class='ocrx_word' id='word_1_90' title='bbox 761 1358 815 1412; x_wconf 71' lang='grc'><strong>9..</strong></span> <span class='ocrx_word' id='word_1_91' title='bbox 842 1359 907 1413; x_wconf 83' lang='lat' dir='ltr'><strong>Et</strong></span> <span class='ocrx_word' id='word_1_92' title='bbox 928 1362 1055 1415; x_wconf 77' lang='lat' dir='ltr'><strong>dixit</strong></span> <span class='ocrx_word' id='word_1_93' title='bbox 1074 1362 1255 1431; x_wconf 91' lang='lat' dir='ltr'><strong>Iacob,</strong></span> <span class='ocrx_word' id='word_1_94' title='bbox 1280 1378 1447 1419; x_wconf 84' lang='lat' dir='ltr'><strong>castra</strong></span> <span class='ocrx_word' id='word_1_95' title='bbox 1467 1366 1565 1420; x_wconf 92' lang='lat' dir='ltr'><strong>Dei</strong></span> <span class='ocrx_word' id='word_1_96' title='bbox 1583 1378 1699 1421; x_wconf 89' lang='lat' dir='ltr'><strong>sunt</strong></span> <span class='ocrx_word' id='word_1_97' title='bbox 1724 1369 1850 1422; x_wconf 70' lang='lat' dir='ltr'><strong>Iuvc.</strong></span> <span class='ocrx_word' id='word_1_98' title='bbox 1878 1368 1945 1422; x_wconf 80' lang='lat' dir='ltr'><strong>Et</strong></span> 
     </span>
    </p>
   </div>
   <div class='ocr_carea' id='block_1_13' title="bbox 365 1448 1948 1527">
    <p class='ocr_par' dir='ltr' id='par_1_13' title="bbox 365 1448 1948 1527">
     <span class='ocr_line' id='line_1_13' title="bbox 365 1448 1948 1527; baseline 0.011 -31"><span class='ocrx_word' id='word_1_99' title='bbox 365 1448 556 1498; x_wconf 73' lang='lat' dir='ltr'><strong>vocavit</strong></span> <span class='ocrx_word' id='word_1_100' title='bbox 586 1463 763 1502; x_wconf 81' lang='lat' dir='ltr'><strong>nomen</strong></span> <span class='ocrx_word' id='word_1_101' title='bbox 789 1451 887 1503; x_wconf 87' lang='lat' dir='ltr'><strong>loci</strong></span> <span class='ocrx_word' id='word_1_102' title='bbox 912 1453 1051 1523; x_wconf 82' lang='lat' dir='ltr'><strong>ejus,</strong></span> <span class='ocrx_word' id='word_1_103' title='bbox 1086 1452 1264 1507; x_wconf 86' lang='lat' dir='ltr'><strong>Castra</strong></span> <span class='ocrx_word' id='word_1_104' title='bbox 1285 1471 1305 1509; x_wconf 91' lang='lat'><strong><em>:</em></strong></span> <span class='ocrx_word' id='word_1_105' title='bbox 1333 1467 1389 1509; x_wconf 90' lang='lat' dir='ltr'><strong>ut</strong></span> <span class='ocrx_word' id='word_1_106' title='bbox 1412 1472 1475 1511; x_wconf 83' lang='lat' dir='ltr'><strong>ex</strong></span> <span class='ocrx_word' id='word_1_107' title='bbox 1506 1473 1569 1512; x_wconf 89' lang='lat' dir='ltr'><strong>ea</strong></span> <span class='ocrx_word' id='word_1_108' title='bbox 1594 1460 1948 1527; x_wconf 84' lang='lat' dir='ltr'><strong>appellatione</strong></span> 
     </span>
    </p>
   </div>
   <div class='ocr_carea' id='block_1_14' title="bbox 372 1546 1949 1616">
    <p class='ocr_par' dir='ltr' id='par_1_14' title="bbox 372 1546 1949 1616">
     <span class='ocr_line' id='line_1_14' title="bbox 372 1546 1949 1616; baseline 0.011 -28"><span class='ocrx_word' id='word_1_109' title='bbox 372 1548 624 1606; x_wconf 89' lang='lat' dir='ltr'><strong>perpetua</strong></span> <span class='ocrx_word' id='word_1_110' title='bbox 653 1553 897 1596; x_wconf 88' lang='lat' dir='ltr'><strong>maneret</strong></span> <span class='ocrx_word' id='word_1_111' title='bbox 919 1546 1171 1598; x_wconf 83' lang='lat' dir='ltr'><strong>memoria</strong></span> <span class='ocrx_word' id='word_1_112' title='bbox 1193 1547 1412 1601; x_wconf 86' lang='lat' dir='ltr'><strong>visionis</strong></span> <span class='ocrx_word' id='word_1_113' title='bbox 1439 1564 1557 1616; x_wconf 74' lang='lat' dir='ltr'><strong>qum</strong></span> <span class='ocrx_word' id='word_1_114' title='bbox 1578 1550 1688 1604; x_wconf 88' lang='lat' dir='ltr'><strong>illic</strong></span> <span class='ocrx_word' id='word_1_115' title='bbox 1708 1550 1755 1604; x_wconf 91' lang='lat' dir='ltr'><strong>ei</strong></span> <span class='ocrx_word' id='word_1_116' title='bbox 1778 1552 1949 1605; x_wconf 87' lang='lat' dir='ltr'><strong>conti-</strong></span> 
     </span>
    </p>
   </div>
   <div class='ocr_carea' id='block_1_15' title="bbox 367 1629 1950 1711">
    <p class='ocr_par' dir='ltr' id='par_1_15' title="bbox 367 1629 1950 1711">
     <span class='ocr_line' id='line_1_15' title="bbox 367 1629 1950 1711; baseline 0.008 -28"><span class='ocrx_word' id='word_1_117' title='bbox 367 1638 537 1697; x_wconf 91' lang='lat' dir='ltr'><strong>gerat.</strong></span> <span class='ocrx_word' id='word_1_118' title='bbox 571 1629 769 1685; x_wconf 86' lang='lat' dir='ltr'><strong>Deinde</strong></span> <span class='ocrx_word' id='word_1_119' title='bbox 786 1643 902 1701; x_wconf 91' lang='lat' dir='ltr'><strong>post</strong></span> <span class='ocrx_word' id='word_1_120' title='bbox 918 1634 1173 1691; x_wconf 86' lang='lat' dir='ltr'><strong>visionem</strong></span> <span class='ocrx_word' id='word_1_121' title='bbox 1196 1639 1352 1702; x_wconf 87' lang='lat' dir='ltr'><strong>banc,</strong></span> <span class='ocrx_word' id='word_1_122' title='bbox 1372 1641 1425 1694; x_wconf 78' lang='lat'><strong>5.</strong></span> <span class='ocrx_word' id='word_1_123' title='bbox 1451 1639 1610 1703; x_wconf 81' lang='lat' dir='ltr'><strong>Misit,</strong></span> <span class='ocrx_word' id='word_1_124' title='bbox 1632 1642 1950 1711; x_wconf 91' lang='lat' dir='ltr'><strong>inquit,ante</strong></span> 
     </span>
    </p>
   </div>
   <div class='ocr_carea' id='block_1_16' title="bbox 366 1722 1947 1801">
    <p class='ocr_par' dir='ltr' id='par_1_16' title="bbox 366 1722 1947 1801">
     <span class='ocr_line' id='line_1_16' title="bbox 366 1722 1947 1801; baseline 0.011 -30"><span class='ocrx_word' id='word_1_125' title='bbox 366 1735 419 1772; x_wconf 85' lang='lat' dir='ltr'><strong>sc</strong></span> <span class='ocrx_word' id='word_1_126' title='bbox 448 1723 647 1773; x_wconf 87' lang='lat' dir='ltr'><strong>nuntios</strong></span> <span class='ocrx_word' id='word_1_127' title='bbox 674 1722 742 1774; x_wconf 87' lang='lat' dir='ltr'><strong>ad</strong></span> <span class='ocrx_word' id='word_1_128' title='bbox 779 1722 920 1778; x_wconf 75' lang='lat' dir='ltr'><strong>Esau</strong></span> <span class='ocrx_word' id='word_1_129' title='bbox 948 1726 1156 1793; x_wconf 81' lang='lat' dir='ltr'><strong>fratrem</strong></span> <span class='ocrx_word' id='word_1_130' title='bbox 1180 1745 1346 1795; x_wconf 89' lang='lat' dir='ltr'><strong>suum,</strong></span> <span class='ocrx_word' id='word_1_131' title='bbox 1376 1740 1420 1784; x_wconf 86' lang='lat' dir='ltr'><strong>et</strong></span> <span class='ocrx_word' id='word_1_132' title='bbox 1445 1732 1700 1785; x_wconf 83' lang='lat' dir='ltr'><strong>mandavit</strong></span> <span class='ocrx_word' id='word_1_133' title='bbox 1739 1734 1808 1786; x_wconf 87' lang='lat' dir='ltr'><strong>eis</strong></span> <span class='ocrx_word' id='word_1_134' title='bbox 1829 1775 1844 1801; x_wconf 91' lang='lat'><strong>,</strong></span> <span class='ocrx_word' id='word_1_135' title='bbox 1864 1734 1947 1787; x_wconf 87' lang='lat' dir='ltr'><strong>di-</strong></span> 
     </span>
    </p>
   </div>
   <div class='ocr_carea' id='block_1_17' title="bbox 367 1811 1947 1890">
    <p class='ocr_par' dir='ltr' id='par_1_17' title="bbox 367 1811 1947 1890">
     <span class='ocr_line' id='line_1_17' title="bbox 367 1811 1947 1890; baseline 0.013 -31"><span class='ocrx_word' id='word_1_136' title='bbox 367 1811 598 1865; x_wconf 82' lang='lat' dir='ltr'><strong>cens:Sic</strong></span> <span class='ocrx_word' id='word_1_137' title='bbox 613 1812 786 1867; x_wconf 78' lang='lat' dir='ltr'><strong>dicetis</strong></span> <span class='ocrx_word' id='word_1_138' title='bbox 806 1814 1009 1869; x_wconf 88' lang='lat' dir='ltr'><strong>domino</strong></span> <span class='ocrx_word' id='word_1_139' title='bbox 1036 1834 1145 1871; x_wconf 89' lang='lat' dir='ltr'><strong>meo</strong></span> <span class='ocrx_word' id='word_1_140' title='bbox 1166 1818 1467 1875; x_wconf 73' lang='lat' dir='ltr'><strong>Esati.Vide</strong></span> <span class='ocrx_word' id='word_1_141' title='bbox 1485 1831 1536 1876; x_wconf 88' lang='lat' dir='ltr'><strong>et</strong></span> <span class='ocrx_word' id='word_1_142' title='bbox 1551 1832 1669 1890; x_wconf 88' lang='lat' dir='ltr'><strong>post</strong></span> <span class='ocrx_word' id='word_1_143' title='bbox 1689 1823 1947 1879; x_wconf 84' lang='lat' dir='ltr'><strong>visionem</strong></span> 
     </span>
    </p>
   </div>
   <div class='ocr_carea' id='block_1_18' title="bbox 365 1903 1945 1979">
    <p class='ocr_par' dir='ltr' id='par_1_18' title="bbox 365 1903 1945 1979">
     <span class='ocr_line' id='line_1_18' title="bbox 365 1903 1945 1979; baseline 0.011 -27"><span class='ocrx_word' id='word_1_144' title='bbox 365 1911 596 1969; x_wconf 88' lang='lat' dir='ltr'><strong>quantus</strong></span> <span class='ocrx_word' id='word_1_145' title='bbox 624 1903 800 1958; x_wconf 88' lang='lat' dir='ltr'><strong>adhuc</strong></span> <span class='ocrx_word' id='word_1_146' title='bbox 828 1906 988 1960; x_wconf 86' lang='lat' dir='ltr'><strong>timor</strong></span> <span class='ocrx_word' id='word_1_147' title='bbox 1018 1908 1235 1977; x_wconf 80' lang='lat' dir='ltr'><strong>urgebat</strong></span> <span class='ocrx_word' id='word_1_148' title='bbox 1258 1909 1477 1979; x_wconf 89' lang='lat' dir='ltr'><strong>justum.</strong></span> <span class='ocrx_word' id='word_1_149' title='bbox 1520 1912 1763 1967; x_wconf 91' lang='lat' dir='ltr'><strong>Timebat</strong></span> <span class='ocrx_word' id='word_1_150' title='bbox 1802 1914 1945 1968; x_wconf 85' lang='lat' dir='ltr'><strong>enim</strong></span> 
     </span>
    </p>
   </div>
   <div class='ocr_carea' id='block_1_19' title="bbox 365 1990 1946 2068">
    <p class='ocr_par' dir='ltr' id='par_1_19' title="bbox 365 1990 1946 2068">
     <span class='ocr_line' id='line_1_19' title="bbox 365 1990 1946 2068; baseline 0.011 -27"><span class='ocrx_word' id='word_1_151' title='bbox 365 1990 544 2044; x_wconf 82' lang='lat' dir='ltr'><strong>fratris</strong></span> <span class='ocrx_word' id='word_1_152' title='bbox 570 1993 895 2062; x_wconf 86' lang='lat' dir='ltr'><strong>violentiam,</strong></span> <span class='ocrx_word' id='word_1_153' title='bbox 924 2005 979 2051; x_wconf 91' lang='lat' dir='ltr'><strong>et</strong></span> <span class='ocrx_word' id='word_1_154' title='bbox 1010 1999 1304 2067; x_wconf 81' lang='lat' dir='ltr'><strong>angebatur</strong></span> <span class='ocrx_word' id='word_1_155' title='bbox 1334 2001 1535 2068; x_wconf 83' lang='lat' dir='ltr'><strong>animo,</strong></span> <span class='ocrx_word' id='word_1_156' title='bbox 1578 2019 1645 2058; x_wconf 91' lang='lat' dir='ltr'><strong>ne</strong></span> <span class='ocrx_word' id='word_1_157' title='bbox 1671 2003 1806 2059; x_wconf 90' lang='lat' dir='ltr'><strong>forte</strong></span> <span class='ocrx_word' id='word_1_158' title='bbox 1831 2020 1946 2059; x_wconf 90' lang='lat' dir='ltr'><strong>me-</strong></span> 
     </span>
    </p>
   </div>
   <div class='ocr_carea' id='block_1_20' title="bbox 366 2082 1947 2163">
    <p class='ocr_par' dir='ltr' id='par_1_20' title="bbox 366 2082 1947 2163">
     <span class='ocr_line' id='line_1_20' title="bbox 366 2082 1947 2163; baseline 0.013 -32"><span class='ocrx_word' id='word_1_159' title='bbox 366 2082 531 2134; x_wconf 88' lang='lat' dir='ltr'><strong>moria</strong></span> <span class='ocrx_word' id='word_1_160' title='bbox 555 2096 738 2137; x_wconf 89' lang='lat' dir='ltr'><strong>eorum</strong></span> <span class='ocrx_word' id='word_1_161' title='bbox 765 2102 883 2153; x_wconf 67' lang='lat' dir='ltr'><strong>qua:</strong></span> <span class='ocrx_word' id='word_1_162' title='bbox 910 2088 1035 2142; x_wconf 92' lang='lat' dir='ltr'><strong>olim</strong></span> <span class='ocrx_word' id='word_1_163' title='bbox 1065 2090 1200 2144; x_wconf 89' lang='lat' dir='ltr'><strong>facta</strong></span> <span class='ocrx_word' id='word_1_164' title='bbox 1227 2101 1351 2146; x_wconf 90' lang='lat' dir='ltr'><strong>sunt</strong></span> <span class='ocrx_word' id='word_1_165' title='bbox 1376 2092 1678 2163; x_wconf 88' lang='lat' dir='ltr'><strong>impelleret</strong></span> <span class='ocrx_word' id='word_1_166' title='bbox 1704 2097 1849 2151; x_wconf 91' lang='lat' dir='ltr'><strong>illum</strong></span> <span class='ocrx_word' id='word_1_167' title='bbox 1880 2098 1947 2153; x_wconf 92' lang='lat' dir='ltr'><strong>ad</strong></span> 
     </span>
    </p>
   </div>
   <div class='ocr_carea' id='block_1_21' title="bbox 368 2169 1946 2248">
    <p class='ocr_par' dir='ltr' id='par_1_21' title="bbox 368 2169 1946 2248">
     <span class='ocr_line' id='line_1_21' title="bbox 368 2169 1946 2248; baseline 0.014 -27"><span class='ocrx_word' id='word_1_168' title='bbox 368 2169 605 2225; x_wconf 86' lang='lat' dir='ltr'><strong>insidias.</strong></span> <span class='ocrx_word' id='word_1_169' title='bbox 652 2174 707 2227; x_wconf 76' lang='grc'><strong>4.</strong></span> <span class='ocrx_word' id='word_1_170' title='bbox 736 2174 921 2240; x_wconf 84' lang='lat' dir='ltr'><strong>Dicite,</strong></span> <span class='ocrx_word' id='word_1_171' title='bbox 954 2178 1141 2248; x_wconf 88' lang='lat' dir='ltr'><strong>inquit,</strong></span> <span class='ocrx_word' id='word_1_172' title='bbox 1174 2182 1378 2235; x_wconf 88' lang='lat' dir='ltr'><strong>domino</strong></span> <span class='ocrx_word' id='word_1_173' title='bbox 1404 2201 1513 2238; x_wconf 90' lang='lat' dir='ltr'><strong>meo</strong></span> <span class='ocrx_word' id='word_1_174' title='bbox 1542 2185 1683 2240; x_wconf 75' lang='lat' dir='ltr'><strong>Esau</strong></span> <span class='ocrx_word' id='word_1_175' title='bbox 1710 2202 1728 2240; x_wconf 90' lang='lat'><strong><em>:</em></strong></span> <span class='ocrx_word' id='word_1_176' title='bbox 1752 2187 1843 2241; x_wconf 89' lang='lat' dir='ltr'><strong>Sic</strong></span> <span class='ocrx_word' id='word_1_177' title='bbox 1864 2190 1946 2242; x_wconf 87' lang='lat' dir='ltr'><strong>di-</strong></span> 
     </span>
    </p>
   </div>
   <div class='ocr_carea' id='block_1_22' title="bbox 365 2262 1949 2344">
    <p class='ocr_par' dir='ltr' id='par_1_22' title="bbox 365 2262 1949 2344">
     <span class='ocr_line' id='line_1_22' title="bbox 365 2262 1949 2344; baseline 0.013 -32"><span class='ocrx_word' id='word_1_178' title='bbox 365 2262 431 2313; x_wconf 87' lang='lat' dir='ltr'><strong>cit</strong></span> <span class='ocrx_word' id='word_1_179' title='bbox 479 2278 649 2317; x_wconf 87' lang='lat' dir='ltr'><strong>servus</strong></span> <span class='ocrx_word' id='word_1_180' title='bbox 684 2274 798 2320; x_wconf 87' lang='lat' dir='ltr'><strong>tuus</strong></span> <span class='ocrx_word' id='word_1_181' title='bbox 825 2266 984 2321; x_wconf 92' lang='lat' dir='ltr'><strong>Iacob</strong></span> <span class='ocrx_word' id='word_1_182' title='bbox 1025 2287 1043 2323; x_wconf 89' lang='lat'><strong><em>:</em></strong></span> <span class='ocrx_word' id='word_1_183' title='bbox 1075 2270 1382 2341; x_wconf 74' lang='lat' dir='ltr'><strong>Peregrinus</strong></span> <span class='ocrx_word' id='word_1_184' title='bbox 1413 2276 1487 2344; x_wconf 76' lang='lat' dir='ltr'><strong>fui</strong></span> <span class='ocrx_word' id='word_1_185' title='bbox 1519 2293 1633 2330; x_wconf 90' lang='lat' dir='ltr'><strong>cum</strong></span> <span class='ocrx_word' id='word_1_186' title='bbox 1675 2278 1871 2343; x_wconf 89' lang='lat' dir='ltr'><strong>Laban,</strong></span> <span class='ocrx_word' id='word_1_187' title='bbox 1902 2290 1949 2334; x_wconf 88' lang='lat' dir='ltr'><strong>et</strong></span> 
     </span>
    </p>
   </div>
   <div class='ocr_carea' id='block_1_23' title="bbox 368 2352 1950 2434">
    <p class='ocr_par' dir='ltr' id='par_1_23' title="bbox 368 2352 1950 2434">
     <span class='ocr_line' id='line_1_23' title="bbox 368 2352 1950 2434; baseline 0.013 -30"><span class='ocrx_word' id='word_1_188' title='bbox 368 2352 517 2421; x_wconf 84' lang='lat' dir='ltr'><strong>longo</strong></span> <span class='ocrx_word' id='word_1_189' title='bbox 559 2364 778 2423; x_wconf 88' lang='lat' dir='ltr'><strong>tempore</strong></span> <span class='ocrx_word' id='word_1_190' title='bbox 821 2359 889 2411; x_wconf 90' lang='lat' dir='ltr'><strong>ibi</strong></span> <span class='ocrx_word' id='word_1_191' title='bbox 915 2371 1141 2415; x_wconf 88' lang='lat' dir='ltr'><strong>moratus</strong></span> <span class='ocrx_word' id='word_1_192' title='bbox 1167 2379 1277 2416; x_wconf 89' lang='lat' dir='ltr'><strong>sum</strong></span> <span class='ocrx_word' id='word_1_193' title='bbox 1305 2381 1462 2434; x_wconf 85' lang='lat' dir='ltr'><strong>usque</strong></span> <span class='ocrx_word' id='word_1_194' title='bbox 1487 2383 1638 2432; x_wconf 89' lang='lat' dir='ltr'><strong>nunc,</strong></span> <span class='ocrx_word' id='word_1_195' title='bbox 1670 2369 1724 2423; x_wconf 83' lang='lat'><strong>5.</strong></span> <span class='ocrx_word' id='word_1_196' title='bbox 1755 2379 1800 2423; x_wconf 90' lang='lat' dir='ltr'><strong>et</strong></span> <span class='ocrx_word' id='word_1_197' title='bbox 1830 2386 1950 2424; x_wconf 84' lang='lat' dir='ltr'><strong>con-</strong></span> 
     </span>
    </p>
   </div>
   <div class='ocr_carea' id='block_1_24' title="bbox 368 2443 1946 2523">
    <p class='ocr_par' dir='ltr' id='par_1_24' title="bbox 368 2443 1946 2523">
     <span class='ocr_line' id='line_1_24' title="bbox 368 2443 1946 2523; baseline 0.013 -30"><span class='ocrx_word' id='word_1_198' title='bbox 368 2443 585 2512; x_wconf 89' lang='lat' dir='ltr'><strong>tigerunt</strong></span> <span class='ocrx_word' id='word_1_199' title='bbox 610 2447 733 2499; x_wconf 86' lang='lat' dir='ltr'><strong>mihi</strong></span> <span class='ocrx_word' id='word_1_200' title='bbox 762 2447 924 2513; x_wconf 90' lang='lat' dir='ltr'><strong>boves,</strong></span> <span class='ocrx_word' id='word_1_201' title='bbox 950 2460 999 2504; x_wconf 87' lang='lat' dir='ltr'><strong>et</strong></span> <span class='ocrx_word' id='word_1_202' title='bbox 1026 2453 1201 2519; x_wconf 71' lang='lat' dir='ltr'><strong>asinaz,</strong></span> <span class='ocrx_word' id='word_1_203' title='bbox 1232 2464 1279 2507; x_wconf 91' lang='lat' dir='ltr'><strong>et</strong></span> <span class='ocrx_word' id='word_1_204' title='bbox 1309 2471 1440 2519; x_wconf 90' lang='lat' dir='ltr'><strong>oves,</strong></span> <span class='ocrx_word' id='word_1_205' title='bbox 1473 2466 1520 2509; x_wconf 89' lang='lat' dir='ltr'><strong>et</strong></span> <span class='ocrx_word' id='word_1_206' title='bbox 1545 2459 1689 2523; x_wconf 86' lang='lat' dir='ltr'><strong>servi,</strong></span> <span class='ocrx_word' id='word_1_207' title='bbox 1716 2468 1763 2513; x_wconf 83' lang='lat' dir='ltr'><strong>et</strong></span> <span class='ocrx_word' id='word_1_208' title='bbox 1783 2462 1946 2514; x_wconf 83' lang='lat' dir='ltr'><strong>ancil-</strong></span> 
     </span>
    </p>
   </div>
   <div class='ocr_carea' id='block_1_25' title="bbox 367 2535 1945 2615">
    <p class='ocr_par' dir='ltr' id='par_1_25' title="bbox 367 2535 1945 2615">
     <span class='ocr_line' id='line_1_25' title="bbox 367 2535 1945 2615; baseline 0.013 -29"><span class='ocrx_word' id='word_1_209' title='bbox 367 2535 450 2597; x_wconf 80' lang='lat' dir='ltr'><strong>lw,</strong></span> <span class='ocrx_word' id='word_1_210' title='bbox 474 2545 518 2588; x_wconf 89' lang='lat' dir='ltr'><strong>et</strong></span> <span class='ocrx_word' id='word_1_211' title='bbox 561 2537 674 2590; x_wconf 90' lang='lat' dir='ltr'><strong>misi</strong></span> <span class='ocrx_word' id='word_1_212' title='bbox 716 2550 769 2591; x_wconf 91' lang='lat' dir='ltr'><strong>ut</strong></span> <span class='ocrx_word' id='word_1_213' title='bbox 796 2543 1183 2596; x_wconf 89' lang='lat' dir='ltr'><strong>annuntiaretur</strong></span> <span class='ocrx_word' id='word_1_214' title='bbox 1208 2545 1410 2599; x_wconf 90' lang='lat' dir='ltr'><strong>domino</strong></span> <span class='ocrx_word' id='word_1_215' title='bbox 1452 2564 1560 2601; x_wconf 78' lang='lat' dir='ltr'><strong>meo</strong></span> <span class='ocrx_word' id='word_1_216' title='bbox 1590 2548 1751 2615; x_wconf 72' lang='lat' dir='ltr'><strong>Esau,</strong></span> <span class='ocrx_word' id='word_1_217' title='bbox 1782 2561 1835 2604; x_wconf 91' lang='lat' dir='ltr'><strong>ut</strong></span> <span class='ocrx_word' id='word_1_218' title='bbox 1861 2553 1945 2605; x_wconf 88' lang='lat' dir='ltr'><strong>in-</strong></span> 
     </span>
    </p>
   </div>
   <div class='ocr_carea' id='block_1_26' title="bbox 367 2626 1948 2713">
    <p class='ocr_par' dir='ltr' id='par_1_26' title="bbox 367 2626 1948 2713">
     <span class='ocr_line' id='line_1_26' title="bbox 367 2626 1948 2713; baseline 0.015 -36"><span class='ocrx_word' id='word_1_219' title='bbox 367 2626 529 2679; x_wconf 78' lang='lat' dir='ltr'><strong>veniat</strong></span> <span class='ocrx_word' id='word_1_220' title='bbox 554 2645 678 2695; x_wconf 86' lang='lat' dir='ltr'><strong>puer</strong></span> <span class='ocrx_word' id='word_1_221' title='bbox 704 2640 818 2685; x_wconf 86' lang='lat' dir='ltr'><strong>tuus</strong></span> <span class='ocrx_word' id='word_1_222' title='bbox 855 2634 1072 2702; x_wconf 86' lang='lat' dir='ltr'><strong>gratiam</strong></span> <span class='ocrx_word' id='word_1_223' title='bbox 1101 2652 1270 2689; x_wconf 89' lang='lat' dir='ltr'><strong>coram</strong></span> <span class='ocrx_word' id='word_1_224' title='bbox 1299 2650 1364 2691; x_wconf 89' lang='lat' dir='ltr'><strong>te.</strong></span> <span class='ocrx_word' id='word_1_225' title='bbox 1416 2640 1645 2695; x_wconf 84' lang='lat' dir='ltr'><strong>Attende</strong></span> <span class='ocrx_word' id='word_1_226' title='bbox 1680 2645 1948 2713; x_wconf 89' lang='lat' dir='ltr'><strong>quomodo</strong></span> 
     </span>
    </p>
   </div>
   <div class='ocr_carea' id='block_1_27' title="bbox 374 2716 1943 2804">
    <p class='ocr_par' dir='ltr' id='par_1_27' title="bbox 374 2716 1943 2804">
     <span class='ocr_line' id='line_1_27' title="bbox 374 2716 1943 2804; baseline 0.016 -37"><span class='ocrx_word' id='word_1_227' title='bbox 374 2716 559 2771; x_wconf 84' lang='lat' dir='ltr'><strong>timeat</strong></span> <span class='ocrx_word' id='word_1_228' title='bbox 594 2718 810 2775; x_wconf 80' lang='lat' dir='ltr'><strong>fratrem</strong></span> <span class='ocrx_word' id='word_1_229' title='bbox 842 2738 856 2775; x_wconf 88' lang='lat'><strong>:</strong></span> <span class='ocrx_word' id='word_1_230' title='bbox 887 2732 941 2777; x_wconf 90' lang='lat' dir='ltr'><strong>et</strong></span> <span class='ocrx_word' id='word_1_231' title='bbox 991 2735 1265 2794; x_wconf 84' lang='lat' dir='ltr'><strong>propterea</strong></span> <span class='ocrx_word' id='word_1_232' title='bbox 1318 2729 1529 2798; x_wconf 90' lang='lat' dir='ltr'><strong>placare</strong></span> <span class='ocrx_word' id='word_1_233' title='bbox 1576 2748 1698 2787; x_wconf 87' lang='lat' dir='ltr'><strong>eum</strong></span> <span class='ocrx_word' id='word_1_234' title='bbox 1739 2736 1943 2804; x_wconf 87' lang='lat' dir='ltr'><strong>volens,</strong></span> 
     </span>
    </p>
   </div>
   <div class='ocr_carea' id='block_1_28' title="bbox 372 2808 1939 2883">
    <p class='ocr_par' dir='ltr' id='par_1_28' title="bbox 372 2808 1939 2883">
     <span class='ocr_line' id='line_1_28' title="bbox 372 2808 1939 2883; baseline 0.016 -25"><span class='ocrx_word' id='word_1_235' title='bbox 372 2808 656 2874; x_wconf 66' lang='lat' dir='ltr'><strong>praimittat</strong></span> <span class='ocrx_word' id='word_1_236' title='bbox 680 2811 982 2880; x_wconf 77' lang='lat' dir='ltr'><strong>significans</strong></span> <span class='ocrx_word' id='word_1_237' title='bbox 1007 2817 1056 2870; x_wconf 91' lang='lat' dir='ltr'><strong>ei</strong></span> <span class='ocrx_word' id='word_1_238' title='bbox 1086 2826 1141 2870; x_wconf 91' lang='lat' dir='ltr'><strong>et</strong></span> <span class='ocrx_word' id='word_1_239' title='bbox 1172 2819 1399 2874; x_wconf 90' lang='lat' dir='ltr'><strong>reditum</strong></span> <span class='ocrx_word' id='word_1_240' title='bbox 1429 2838 1582 2877; x_wconf 84' lang='lat' dir='ltr'><strong>suum</strong></span> <span class='ocrx_word' id='word_1_241' title='bbox 1610 2834 1664 2879; x_wconf 92' lang='lat' dir='ltr'><strong>et</strong></span> <span class='ocrx_word' id='word_1_242' title='bbox 1689 2827 1939 2883; x_wconf 89' lang='lat' dir='ltr'><strong>substan-</strong></span> 
     </span>
    </p>
   </div>
   <div class='ocr_carea' id='block_1_29' title="bbox 367 2896 1944 2984">
    <p class='ocr_par' dir='ltr' id='par_1_29' title="bbox 367 2896 1944 2984">
     <span class='ocr_line' id='line_1_29' title="bbox 367 2896 1944 2984; baseline 0.015 -35"><span class='ocrx_word' id='word_1_243' title='bbox 367 2896 491 2949; x_wconf 88' lang='lat' dir='ltr'><strong>tiam</strong></span> <span class='ocrx_word' id='word_1_244' title='bbox 509 2914 626 2968; x_wconf 76' lang='lat' dir='ltr'><strong>qua:</strong></span> <span class='ocrx_word' id='word_1_245' title='bbox 654 2900 756 2955; x_wconf 85' lang='lat' dir='ltr'><strong>sibi</strong></span> <span class='ocrx_word' id='word_1_246' title='bbox 783 2905 1098 2973; x_wconf 79' lang='lat' dir='ltr'><strong>contigerat,</strong></span> <span class='ocrx_word' id='word_1_247' title='bbox 1126 2917 1180 2961; x_wconf 93' lang='lat' dir='ltr'><strong>et</strong></span> <span class='ocrx_word' id='word_1_248' title='bbox 1209 2909 1297 2963; x_wconf 93' lang='lat' dir='ltr'><strong>ubi</strong></span> <span class='ocrx_word' id='word_1_249' title='bbox 1326 2921 1472 2965; x_wconf 89' lang='lat' dir='ltr'><strong>tanto</strong></span> <span class='ocrx_word' id='word_1_250' title='bbox 1500 2923 1740 2984; x_wconf 89' lang='lat' dir='ltr'><strong>tempore</strong></span> <span class='ocrx_word' id='word_1_251' title='bbox 1764 2934 1944 2973; x_wconf 84' lang='lat' dir='ltr'><strong>mora-</strong></span> 
     </span>
    </p>
   </div>
   <div class='ocr_carea' id='block_1_30' title="bbox 369 2987 1944 3065">
    <p class='ocr_par' dir='ltr' id='par_1_30' title="bbox 369 2987 1944 3065">
     <span class='ocr_line' id='line_1_30' title="bbox 369 2987 1944 3065; baseline 0.016 -26"><span class='ocrx_word' id='word_1_252' title='bbox 369 2995 452 3040; x_wconf 89' lang='lat' dir='ltr'><strong>tus</strong></span> <span class='ocrx_word' id='word_1_253' title='bbox 482 2987 658 3057; x_wconf 90' lang='lat' dir='ltr'><strong>fuerit,</strong></span> <span class='ocrx_word' id='word_1_254' title='bbox 692 3001 749 3045; x_wconf 91' lang='lat' dir='ltr'><strong>ut</strong></span> <span class='ocrx_word' id='word_1_255' title='bbox 774 2993 983 3061; x_wconf 89' lang='lat' dir='ltr'><strong>placato</strong></span> <span class='ocrx_word' id='word_1_256' title='bbox 1006 2998 1121 3065; x_wconf 88' lang='lat' dir='ltr'><strong>ejus</strong></span> <span class='ocrx_word' id='word_1_257' title='bbox 1147 2998 1326 3055; x_wconf 89' lang='lat' dir='ltr'><strong>furore</strong></span> <span class='ocrx_word' id='word_1_258' title='bbox 1364 3003 1687 3060; x_wconf 89' lang='lat' dir='ltr'><strong>clementem</strong></span> <span class='ocrx_word' id='word_1_259' title='bbox 1718 3007 1944 3064; x_wconf 90' lang='lat' dir='ltr'><strong>reddere</strong></span> 
     </span>
    </p>
   </div>
   <div class='ocr_carea' id='block_1_31' title="bbox 366 3081 1944 3158">
    <p class='ocr_par' dir='ltr' id='par_1_31' title="bbox 366 3081 1944 3158">
     <span class='ocr_line' id='line_1_31' title="bbox 366 3081 1944 3158; baseline 0.016 -27"><span class='ocrx_word' id='word_1_260' title='bbox 366 3081 575 3147; x_wconf 73' lang='lat' dir='ltr'><strong>possit:</strong></span> <span class='ocrx_word' id='word_1_261' title='bbox 622 3083 672 3136; x_wconf 92' lang='lat' dir='ltr'><strong>id</strong></span> <span class='ocrx_word' id='word_1_262' title='bbox 720 3086 861 3153; x_wconf 91' lang='lat' dir='ltr'><strong>quod</strong></span> <span class='ocrx_word' id='word_1_263' title='bbox 901 3098 953 3141; x_wconf 92' lang='lat' dir='ltr'><strong>et</strong></span> <span class='ocrx_word' id='word_1_264' title='bbox 1010 3087 1207 3144; x_wconf 88' lang='lat' dir='ltr'><strong>factum</strong></span> <span class='ocrx_word' id='word_1_265' title='bbox 1256 3102 1365 3158; x_wconf 89' lang='lat' dir='ltr'><strong>est,</strong></span> <span class='ocrx_word' id='word_1_266' title='bbox 1400 3095 1508 3150; x_wconf 90' lang='lat' dir='ltr'><strong>Deo</strong></span> <span class='ocrx_word' id='word_1_267' title='bbox 1561 3112 1655 3151; x_wconf 90' lang='lat' dir='ltr'><strong>cor</strong></span> <span class='ocrx_word' id='word_1_268' title='bbox 1686 3099 1827 3155; x_wconf 91' lang='lat' dir='ltr'><strong>illius</strong></span> <span class='ocrx_word' id='word_1_269' title='bbox 1851 3101 1944 3155; x_wconf 89' lang='lat' dir='ltr'><strong>de-</strong></span> 
     </span>
    </p>
   </div>
   <div class='ocr_carea' id='block_1_32' title="bbox 366 3172 1936 3249">
    <p class='ocr_par' dir='ltr' id='par_1_32' title="bbox 366 3172 1936 3249">
     <span class='ocr_line' id='line_1_32' title="bbox 366 3172 1936 3249; baseline 0.017 -28"><span class='ocrx_word' id='word_1_270' title='bbox 366 3172 650 3239; x_wconf 89' lang='lat' dir='ltr'><strong>mnlcente,</strong></span> <span class='ocrx_word' id='word_1_271' title='bbox 675 3183 729 3227; x_wconf 92' lang='lat' dir='ltr'><strong>et</strong></span> <span class='ocrx_word' id='word_1_272' title='bbox 755 3176 898 3230; x_wconf 91' lang='lat' dir='ltr'><strong>illum</strong></span> <span class='ocrx_word' id='word_1_273' title='bbox 928 3180 1253 3235; x_wconf 88' lang='lat' dir='ltr'><strong>tractabilem</strong></span> <span class='ocrx_word' id='word_1_274' title='bbox 1284 3185 1547 3241; x_wconf 82' lang='lat' dir='ltr'><strong>exstincta</strong></span> <span class='ocrx_word' id='word_1_275' title='bbox 1569 3188 1647 3243; x_wconf 92' lang='lat' dir='ltr'><strong>ira</strong></span> <span class='ocrx_word' id='word_1_276' title='bbox 1684 3189 1936 3249; x_wconf 81' lang='lat' dir='ltr'><strong>faciente.</strong></span> 
     </span>
    </p>
   </div>
   <div class='ocr_carea' id='block_1_33' title="bbox 365 3262 1942 3352">
    <p class='ocr_par' dir='ltr' id='par_1_33' title="bbox 365 3262 1942 3352">
     <span class='ocr_line' id='line_1_33' title="bbox 365 3262 1942 3352; baseline 0.015 -37"><span class='ocrx_word' id='word_1_277' title='bbox 365 3262 495 3317; x_wconf 82' lang='lat' dir='ltr'><strong>Nam</strong></span> <span class='ocrx_word' id='word_1_278' title='bbox 524 3265 568 3318; x_wconf 91' lang='lat' dir='ltr'><strong>si</strong></span> <span class='ocrx_word' id='word_1_279' title='bbox 595 3265 864 3323; x_wconf 88' lang='lat' dir='ltr'><strong>Labanum</strong></span> <span class='ocrx_word' id='word_1_280' title='bbox 893 3271 981 3339; x_wconf 91' lang='lat' dir='ltr'><strong>qui</strong></span> <span class='ocrx_word' id='word_1_281' title='bbox 1027 3280 1167 3327; x_wconf 89' lang='lat' dir='ltr'><strong>tanta</strong></span> <span class='ocrx_word' id='word_1_282' title='bbox 1203 3276 1558 3334; x_wconf 87' lang='lat' dir='ltr'><strong>concitatione</strong></span> <span class='ocrx_word' id='word_1_283' title='bbox 1585 3284 1942 3352; x_wconf 89' lang='lat' dir='ltr'><strong>persequeba-</strong></span> 
     </span>
    </p>
   </div>
   <div class='ocr_carea' id='block_1_34' title="bbox 367 3356 1941 3435">
    <p class='ocr_par' dir='ltr' id='par_1_34' title="bbox 367 3356 1941 3435">
     <span class='ocr_line' id='line_1_34' title="bbox 367 3356 1941 3435; baseline 0.016 -31"><span class='ocrx_word' id='word_1_284' title='bbox 367 3364 472 3420; x_wconf 85' lang='lat' dir='ltr'><strong>tur,</strong></span> <span class='ocrx_word' id='word_1_285' title='bbox 520 3356 778 3411; x_wconf 89' lang='lat' dir='ltr'><strong>deterruit</strong></span> <span class='ocrx_word' id='word_1_286' title='bbox 807 3374 901 3428; x_wconf 88' lang='lat' dir='ltr'><strong>per</strong></span> <span class='ocrx_word' id='word_1_287' title='bbox 936 3376 997 3416; x_wconf 88' lang='lat' dir='ltr'><strong>ea</strong></span> <span class='ocrx_word' id='word_1_288' title='bbox 1027 3379 1146 3432; x_wconf 73' lang='lat' dir='ltr'><strong>qua:</strong></span> <span class='ocrx_word' id='word_1_289' title='bbox 1184 3364 1251 3419; x_wconf 93' lang='lat' dir='ltr'><strong>ad</strong></span> <span class='ocrx_word' id='word_1_290' title='bbox 1283 3365 1454 3435; x_wconf 91' lang='lat' dir='ltr'><strong>ipsum</strong></span> <span class='ocrx_word' id='word_1_291' title='bbox 1483 3370 1694 3426; x_wconf 89' lang='lat' dir='ltr'><strong>dicebat</strong></span> <span class='ocrx_word' id='word_1_292' title='bbox 1726 3392 1739 3427; x_wconf 88' lang='lat'><strong>:</strong></span> <span class='ocrx_word' id='word_1_293' title='bbox 1772 3374 1941 3429; x_wconf 90' lang='lat' dir='ltr'><strong>multo</strong></span> 
     </span>
    </p>
   </div>
   <div class='ocr_carea' id='block_1_35' title="bbox 365 3447 1939 3527">
    <p class='ocr_par' dir='ltr' id='par_1_35' title="bbox 365 3447 1939 3527">
     <span class='ocr_line' id='line_1_35' title="bbox 365 3447 1939 3527; baseline 0.014 -29"><span class='ocrx_word' id='word_1_294' title='bbox 365 3447 533 3514; x_wconf 83' lang='lat' dir='ltr'><strong>magis</strong></span> <span class='ocrx_word' id='word_1_295' title='bbox 557 3448 771 3503; x_wconf 86' lang='lat' dir='ltr'><strong>fratrem</strong></span> <span class='ocrx_word' id='word_1_296' title='bbox 799 3454 1208 3509; x_wconf 90' lang='lat' dir='ltr'><strong>mansuetiorem</strong></span> <span class='ocrx_word' id='word_1_297' title='bbox 1238 3471 1363 3527; x_wconf 85' lang='lat' dir='ltr'><strong>erga</strong></span> <span class='ocrx_word' id='word_1_298' title='bbox 1377 3458 1579 3527; x_wconf 91' lang='lat' dir='ltr'><strong>justum</strong></span> <span class='ocrx_word' id='word_1_299' title='bbox 1610 3461 1857 3517; x_wconf 87' lang='lat' dir='ltr'><strong>reddidit.</strong></span> <span class='ocrx_word' id='word_1_300' title='bbox 1882 3465 1939 3523; x_wconf 89' lang='lat'><strong>6.</strong></span> 
     </span>
    </p>
   </div>
   <div class='ocr_carea' id='block_1_36' title="bbox 366 3535 1937 3623">
    <p class='ocr_par' dir='ltr' id='par_1_36' title="bbox 366 3535 1937 3623">
     <span class='ocr_line' id='line_1_36' title="bbox 366 3535 1937 3623; baseline 0.015 -34"><span class='ocrx_word' id='word_1_301' title='bbox 366 3535 570 3592; x_wconf 77' lang='lat' dir='ltr'><strong>Reversi</strong></span> <span class='ocrx_word' id='word_1_302' title='bbox 591 3550 706 3593; x_wconf 89' lang='lat' dir='ltr'><strong>sunt</strong></span> <span class='ocrx_word' id='word_1_303' title='bbox 726 3552 916 3609; x_wconf 88' lang='lat' dir='ltr'><strong>autem,</strong></span> <span class='ocrx_word' id='word_1_304' title='bbox 942 3544 1130 3615; x_wconf 89' lang='lat' dir='ltr'><strong>inquit,</strong></span> <span class='ocrx_word' id='word_1_305' title='bbox 1162 3548 1380 3603; x_wconf 81' lang='lat' dir='ltr'><strong>dicentes</strong></span> <span class='ocrx_word' id='word_1_306' title='bbox 1401 3566 1420 3604; x_wconf 92' lang='lat'><strong><em>:</em></strong></span> <span class='ocrx_word' id='word_1_307' title='bbox 1453 3549 1688 3608; x_wconf 81' lang='lat' dir='ltr'><strong>Venimus</strong></span> <span class='ocrx_word' id='word_1_308' title='bbox 1730 3556 1799 3610; x_wconf 88' lang='lat' dir='ltr'><strong>ad</strong></span> <span class='ocrx_word' id='word_1_309' title='bbox 1820 3557 1937 3623; x_wconf 83' lang='lat' dir='ltr'><strong>[ra-</strong></span> 
     </span>
    </p>
   </div>
   <div class='ocr_carea' id='block_1_37' title="bbox 371 3620 1939 3719">
    <p class='ocr_par' dir='ltr' id='par_1_37' title="bbox 371 3620 1939 3719">
     <span class='ocr_line' id='line_1_37' title="bbox 371 3620 1939 3719; baseline 0.015 -41"><span class='ocrx_word' id='word_1_310' title='bbox 371 3620 676 3695; x_wconf 47' lang='lat' dir='ltr'><strong>trem&#39;tuum,</strong></span> <span class='ocrx_word' id='word_1_311' title='bbox 704 3641 750 3683; x_wconf 84' lang='lat' dir='ltr'><strong>et</strong></span> <span class='ocrx_word' id='word_1_312' title='bbox 789 3633 919 3685; x_wconf 88' lang='lat' dir='ltr'><strong>venit</strong></span> <span class='ocrx_word' id='word_1_313' title='bbox 952 3634 1005 3687; x_wconf 89' lang='lat' dir='ltr'><strong>in</strong></span> <span class='ocrx_word' id='word_1_314' title='bbox 1042 3651 1302 3691; x_wconf 88' lang='lat' dir='ltr'><strong>occursum</strong></span> <span class='ocrx_word' id='word_1_315' title='bbox 1323 3648 1482 3706; x_wconf 89' lang='lat' dir='ltr'><strong>tuum,</strong></span> <span class='ocrx_word' id='word_1_316' title='bbox 1507 3652 1554 3696; x_wconf 86' lang='lat' dir='ltr'><strong>et</strong></span> <span class='ocrx_word' id='word_1_317' title='bbox 1589 3645 1939 3719; x_wconf 85' lang='lat' dir='ltr'><strong>quadringenti</strong></span> 
     </span>
    </p>
   </div>
   <div class='ocr_carea' id='block_1_38' title="bbox 363 3719 1933 3807">
    <p class='ocr_par' dir='ltr' id='par_1_38' title="bbox 363 3719 1933 3807">
     <span class='ocr_line' id='line_1_38' title="bbox 363 3719 1933 3807; baseline 0.018 -38"><span class='ocrx_word' id='word_1_318' title='bbox 363 3719 455 3770; x_wconf 85' lang='lat' dir='ltr'><strong>viri</strong></span> <span class='ocrx_word' id='word_1_319' title='bbox 479 3735 592 3772; x_wconf 89' lang='lat' dir='ltr'><strong>cum</strong></span> <span class='ocrx_word' id='word_1_320' title='bbox 612 3737 687 3774; x_wconf 82' lang='lat' dir='ltr'><strong>eo.</strong></span> <span class='ocrx_word' id='word_1_321' title='bbox 709 3721 841 3778; x_wconf 80' lang='lat' dir='ltr'><strong>Vide</strong></span> <span class='ocrx_word' id='word_1_322' title='bbox 855 3727 1121 3795; x_wconf 92' lang='lat' dir='ltr'><strong>quomodo</strong></span> <span class='ocrx_word' id='word_1_323' title='bbox 1135 3740 1189 3784; x_wconf 90' lang='lat' dir='ltr'><strong>et</strong></span> <span class='ocrx_word' id='word_1_324' title='bbox 1213 3730 1352 3786; x_wconf 87' lang='lat' dir='ltr'><strong>istud</strong></span> <span class='ocrx_word' id='word_1_325' title='bbox 1374 3733 1544 3803; x_wconf 91' lang='lat' dir='ltr'><strong>ipsum</strong></span> <span class='ocrx_word' id='word_1_326' title='bbox 1564 3749 1719 3807; x_wconf 83' lang='lat' dir='ltr'><strong>auget</strong></span> <span class='ocrx_word' id='word_1_327' title='bbox 1734 3751 1933 3797; x_wconf 90' lang='lat' dir='ltr'><strong>metum</strong></span> 
     </span>
    </p>
   </div>
   <div class='ocr_carea' id='block_1_39' title="bbox 360 3809 1932 3891">
    <p class='ocr_par' dir='ltr' id='par_1_39' title="bbox 360 3809 1932 3891">
     <span class='ocr_line' id='line_1_39' title="bbox 360 3809 1932 3891; baseline 0.017 -29"><span class='ocrx_word' id='word_1_328' title='bbox 360 3809 508 3877; x_wconf 87' lang='lat' dir='ltr'><strong>justi.</strong></span> <span class='ocrx_word' id='word_1_329' title='bbox 540 3811 723 3882; x_wconf 90' lang='lat' dir='ltr'><strong>Neque</strong></span> <span class='ocrx_word' id='word_1_330' title='bbox 766 3817 905 3870; x_wconf 89' lang='lat' dir='ltr'><strong>enim</strong></span> <span class='ocrx_word' id='word_1_331' title='bbox 934 3819 1135 3875; x_wconf 83' lang='lat' dir='ltr'><strong>sciebat</strong></span> <span class='ocrx_word' id='word_1_332' title='bbox 1154 3822 1428 3880; x_wconf 88' lang='lat' dir='ltr'><strong>evidenter</strong></span> <span class='ocrx_word' id='word_1_333' title='bbox 1448 3837 1681 3884; x_wconf 92' lang='lat' dir='ltr'><strong>mentem</strong></span> <span class='ocrx_word' id='word_1_334' title='bbox 1710 3831 1889 3888; x_wconf 85' lang='lat' dir='ltr'><strong>fratris</strong></span> <span class='ocrx_word' id='word_1_335' title='bbox 1918 3853 1932 3891; x_wconf 91' lang='lat'><strong>:</strong></span> 
     </span>
    </p>
   </div>
   <div class='ocr_carea' id='block_1_40' title="bbox 359 3901 1935 3988">
    <p class='ocr_par' dir='ltr' id='par_1_40' title="bbox 359 3901 1935 3988">
     <span class='ocr_line' id='line_1_40' title="bbox 359 3901 1935 3988; baseline 0.017 -35"><span class='ocrx_word' id='word_1_336' title='bbox 359 3901 450 3954; x_wconf 87' lang='lat' dir='ltr'><strong>sed</strong></span> <span class='ocrx_word' id='word_1_337' title='bbox 470 3912 522 3956; x_wconf 93' lang='lat' dir='ltr'><strong>ut</strong></span> <span class='ocrx_word' id='word_1_338' title='bbox 542 3903 723 3960; x_wconf 90' lang='lat' dir='ltr'><strong>didicit</strong></span> <span class='ocrx_word' id='word_1_339' title='bbox 747 3909 1132 3966; x_wconf 90' lang='lat' dir='ltr'><strong>multitudinem</strong></span> <span class='ocrx_word' id='word_1_340' title='bbox 1150 3916 1470 3971; x_wconf 91' lang='lat' dir='ltr'><strong>venientium</strong></span> <span class='ocrx_word' id='word_1_341' title='bbox 1488 3934 1607 3974; x_wconf 89' lang='lat' dir='ltr'><strong>cum</strong></span> <span class='ocrx_word' id='word_1_342' title='bbox 1625 3920 1734 3988; x_wconf 92' lang='lat' dir='ltr'><strong>illo,</strong></span> <span class='ocrx_word' id='word_1_343' title='bbox 1755 3922 1935 3980; x_wconf 85' lang='lat' dir='ltr'><strong>formi-</strong></span> 
     </span>
    </p>
   </div>
   <div class='ocr_carea' id='block_1_41' title="bbox 360 3992 1929 4084">
    <p class='ocr_par' dir='ltr' id='par_1_41' title="bbox 360 3992 1929 4084">
     <span class='ocr_line' id='line_1_41' title="bbox 360 3992 1929 4084; baseline 0.017 -39"><span class='ocrx_word' id='word_1_344' title='bbox 360 3992 522 4055; x_wconf 85' lang='lat' dir='ltr'><strong>davit,</strong></span> <span class='ocrx_word' id='word_1_345' title='bbox 551 3998 824 4066; x_wconf 83' lang='lat' dir='ltr'><strong>suspicans</strong></span> <span class='ocrx_word' id='word_1_346' title='bbox 850 4016 917 4056; x_wconf 91' lang='lat' dir='ltr'><strong>ne</strong></span> <span class='ocrx_word' id='word_1_347' title='bbox 938 4006 1086 4072; x_wconf 90' lang='lat' dir='ltr'><strong>quasi</strong></span> <span class='ocrx_word' id='word_1_348' title='bbox 1111 4005 1163 4058; x_wconf 92' lang='lat' dir='ltr'><strong>in</strong></span> <span class='ocrx_word' id='word_1_349' title='bbox 1186 4004 1383 4062; x_wconf 92' lang='lat' dir='ltr'><strong>bellum</strong></span> <span class='ocrx_word' id='word_1_350' title='bbox 1407 4021 1590 4067; x_wconf 88' lang='lat' dir='ltr'><strong>contra</strong></span> <span class='ocrx_word' id='word_1_351' title='bbox 1616 4028 1675 4068; x_wconf 90' lang='lat' dir='ltr'><strong>se</strong></span> <span class='ocrx_word' id='word_1_352' title='bbox 1702 4017 1929 4084; x_wconf 89' lang='lat' dir='ltr'><strong>veniret,</strong></span> 
     </span>
    </p>
   </div>
   <div class='ocr_carea' id='block_1_42' title="bbox 300 4074 1928 4174">
    <p class='ocr_par' dir='ltr' id='par_1_42' title="bbox 300 4074 1928 4174">
     <span class='ocr_line' id='line_1_42' title="bbox 300 4074 1928 4174; baseline 0.015 -38"><span class='ocrx_word' id='word_1_353' title='bbox 300 4074 305 4079; x_wconf 74' lang='grc'><em>â€™</em></span> <span class='ocrx_word' id='word_1_354' title='bbox 364 4092 418 4137; x_wconf 88' lang='lat' dir='ltr'><strong>et</strong></span> <span class='ocrx_word' id='word_1_355' title='bbox 446 4084 515 4137; x_wconf 92' lang='lat' dir='ltr'><strong>ita</strong></span> <span class='ocrx_word' id='word_1_356' title='bbox 543 4086 702 4140; x_wconf 86' lang='lat' dir='ltr'><strong>vellet</strong></span> <span class='ocrx_word' id='word_1_357' title='bbox 723 4103 1024 4145; x_wconf 90' lang='lat' dir='ltr'><strong>occurrere.</strong></span> <span class='ocrx_word' id='word_1_358' title='bbox 1052 4093 1105 4146; x_wconf 89' lang='lat'><strong>7.</strong></span> <span class='ocrx_word' id='word_1_359' title='bbox 1135 4092 1322 4150; x_wconf 87' lang='lat' dir='ltr'><strong>Timuit</strong></span> <span class='ocrx_word' id='word_1_360' title='bbox 1351 4099 1515 4167; x_wconf 90' lang='lat' dir='ltr'><strong>enim,</strong></span> <span class='ocrx_word' id='word_1_361' title='bbox 1540 4101 1727 4171; x_wconf 91' lang='lat' dir='ltr'><strong>inquit,</strong></span> <span class='ocrx_word' id='word_1_362' title='bbox 1749 4105 1928 4174; x_wconf 89' lang='lat' dir='ltr'><strong>Iacob,</strong></span> 
     </span>
    </p>
   </div>
   <div class='ocr_carea' id='block_1_43' title="bbox 356 4175 1929 4265">
    <p class='ocr_par' dir='ltr' id='par_1_43' title="bbox 356 4175 1929 4265">
     <span class='ocr_line' id='line_1_43' title="bbox 356 4175 1929 4265; baseline 0.019 -42"><span class='ocrx_word' id='word_1_363' title='bbox 356 4181 405 4224; x_wconf 88' lang='lat' dir='ltr'><strong>et</strong></span> <span class='ocrx_word' id='word_1_364' title='bbox 433 4175 697 4242; x_wconf 78' lang='lat' dir='ltr'><strong>perplexas</strong></span> <span class='ocrx_word' id='word_1_365' title='bbox 734 4189 860 4232; x_wconf 90' lang='lat' dir='ltr'><strong>erat.</strong></span> <span class='ocrx_word' id='word_1_366' title='bbox 903 4180 1154 4237; x_wconf 81' lang='lat' dir='ltr'><strong>Formido</strong></span> <span class='ocrx_word' id='word_1_367' title='bbox 1183 4196 1413 4242; x_wconf 91' lang='lat' dir='ltr'><strong>mentem</strong></span> <span class='ocrx_word' id='word_1_368' title='bbox 1451 4190 1567 4258; x_wconf 89' lang='lat' dir='ltr'><strong>ejus</strong></span> <span class='ocrx_word' id='word_1_369' title='bbox 1600 4194 1929 4265; x_wconf 86' lang='lat' dir='ltr'><strong>turbaverat,</strong></span> 
     </span>
    </p>
   </div>
   <div class='ocr_carea' id='block_1_44' title="bbox 358 4268 1960 4357">
    <p class='ocr_par' dir='ltr' id='par_1_44' title="bbox 358 4268 1960 4357">
     <span class='ocr_line' id='line_1_44' title="bbox 358 4268 1960 4357; baseline 0.02 -41"><span class='ocrx_word' id='word_1_370' title='bbox 358 4273 413 4317; x_wconf 92' lang='lat' dir='ltr'><strong>et</strong></span> <span class='ocrx_word' id='word_1_371' title='bbox 461 4268 732 4323; x_wconf 86' lang='lat' dir='ltr'><strong>nesciebat</strong></span> <span class='ocrx_word' id='word_1_372' title='bbox 783 4273 908 4340; x_wconf 90' lang='lat' dir='ltr'><strong>quid</strong></span> <span class='ocrx_word' id='word_1_373' title='bbox 964 4275 1180 4343; x_wconf 90' lang='lat' dir='ltr'><strong>faceret,</strong></span> <span class='ocrx_word' id='word_1_374' title='bbox 1225 4280 1317 4334; x_wconf 90' lang='lat' dir='ltr'><strong>sed</strong></span> <span class='ocrx_word' id='word_1_375' title='bbox 1361 4285 1554 4338; x_wconf 87' lang='lat' dir='ltr'><strong>mansit</strong></span> <span class='ocrx_word' id='word_1_376' title='bbox 1595 4289 1878 4357; x_wconf 86' lang='lat' dir='ltr'><strong>perplexus</strong></span> <span class='ocrx_word' id='word_1_377' title='bbox 1912 4276 1960 4350; x_wconf 67' lang='grc' dir='ltr'><em>Ï„â€™</em></span> 
     </span>
    </p>
   </div>
   <div class='ocr_carea' id='block_1_45' title="bbox 354 4359 1929 4439">
    <p class='ocr_par' dir='ltr' id='par_1_45' title="bbox 354 4359 1929 4439">
     <span class='ocr_line' id='line_1_45' title="bbox 354 4359 1929 4439; baseline 0.021 -34"><span class='ocrx_word' id='word_1_378' title='bbox 354 4364 635 4423; x_wconf 87' lang='lat' dir='ltr'><strong>propterea</strong></span> <span class='ocrx_word' id='word_1_379' title='bbox 677 4359 850 4417; x_wconf 91' lang='lat' dir='ltr'><strong>timuit</strong></span> <span class='ocrx_word' id='word_1_380' title='bbox 877 4366 1029 4433; x_wconf 86' lang='lat' dir='ltr'><strong>quasi</strong></span> <span class='ocrx_word' id='word_1_381' title='bbox 1058 4367 1126 4423; x_wconf 92' lang='lat' dir='ltr'><strong>de</strong></span> <span class='ocrx_word' id='word_1_382' title='bbox 1147 4370 1316 4427; x_wconf 90' lang='lat' dir='ltr'><strong>salute</strong></span> <span class='ocrx_word' id='word_1_383' title='bbox 1347 4388 1461 4439; x_wconf 90' lang='lat' dir='ltr'><strong>sua,</strong></span> <span class='ocrx_word' id='word_1_384' title='bbox 1494 4386 1784 4434; x_wconf 89' lang='lat' dir='ltr'><strong>etmortem</strong></span> <span class='ocrx_word' id='word_1_385' title='bbox 1806 4392 1929 4439; x_wconf 89' lang='lat' dir='ltr'><strong>ante</strong></span> 
     </span>
    </p>
   </div>
   <div class='ocr_carea' id='block_1_46' title="bbox 354 4447 1927 4528">
    <p class='ocr_par' dir='ltr' id='par_1_46' title="bbox 354 4447 1927 4528">
     <span class='ocr_line' id='line_1_46' title="bbox 354 4447 1927 4528; baseline 0.02 -32"><span class='ocrx_word' id='word_1_386' title='bbox 354 4447 539 4501; x_wconf 87' lang='lat' dir='ltr'><strong>oculos</strong></span> <span class='ocrx_word' id='word_1_387' title='bbox 590 4449 808 4507; x_wconf 88' lang='lat' dir='ltr'><strong>habens.</strong></span> <span class='ocrx_word' id='word_1_388' title='bbox 845 4454 1022 4509; x_wconf 87' lang='lat' dir='ltr'><strong>Divisit</strong></span> <span class='ocrx_word' id='word_1_389' title='bbox 1046 4471 1213 4513; x_wconf 85' lang='lat' dir='ltr'><strong>autent</strong></span> <span class='ocrx_word' id='word_1_390' title='bbox 1251 4463 1305 4516; x_wconf 90' lang='lat' dir='ltr'><strong>in</strong></span> <span class='ocrx_word' id='word_1_391' title='bbox 1341 4466 1468 4518; x_wconf 87' lang='lat' dir='ltr'><strong>duas</strong></span> <span class='ocrx_word' id='word_1_392' title='bbox 1502 4478 1692 4523; x_wconf 85' lang='lat' dir='ltr'><strong>turmas</strong></span> <span class='ocrx_word' id='word_1_393' title='bbox 1714 4454 1927 4528; x_wconf 44' lang='lat' dir='ltr'><strong>&#39;omnem</strong></span> 
     </span>
    </p>
   </div>
   <div class='ocr_carea' id='block_1_47' title="bbox 355 4537 1926 4622">
    <p class='ocr_par' dir='ltr' id='par_1_47' title="bbox 355 4537 1926 4622">
     <span class='ocr_line' id='line_1_47' title="bbox 355 4537 1926 4622; baseline 0.022 -37"><span class='ocrx_word' id='word_1_394' title='bbox 355 4537 600 4605; x_wconf 76' lang='lat' dir='ltr'><strong>populum</strong></span> <span class='ocrx_word' id='word_1_395' title='bbox 625 4542 713 4611; x_wconf 84' lang='lat' dir='ltr'><strong>qui</strong></span> <span class='ocrx_word' id='word_1_396' title='bbox 748 4560 916 4598; x_wconf 85' lang='lat' dir='ltr'><strong>secum</strong></span> <span class='ocrx_word' id='word_1_397' title='bbox 960 4559 1086 4602; x_wconf 86' lang='lat' dir='ltr'><strong>erat.</strong></span> <span class='ocrx_word' id='word_1_398' title='bbox 1113 4552 1165 4605; x_wconf 90' lang='lat'><strong>8.</strong></span> <span class='ocrx_word' id='word_1_399' title='bbox 1190 4552 1330 4606; x_wconf 75' lang='lat' dir='ltr'><strong>Dixit</strong></span> <span class='ocrx_word' id='word_1_400' title='bbox 1356 4556 1506 4622; x_wconf 91' lang='lat' dir='ltr'><strong>enim,</strong></span> <span class='ocrx_word' id='word_1_401' title='bbox 1547 4559 1608 4612; x_wconf 83' lang='lat' dir='ltr'><strong>Si</strong></span> <span class='ocrx_word' id='word_1_402' title='bbox 1646 4563 1833 4614; x_wconf 77' lang='lat' dir='ltr'><strong>venerit</strong></span> <span class='ocrx_word' id='word_1_403' title='bbox 1857 4565 1926 4618; x_wconf 89' lang='lat' dir='ltr'><strong>ad</strong></span> 
     </span>
    </p>
   </div>
   <div class='ocr_carea' id='block_1_48' title="bbox 356 4638 1921 4748">
    <p class='ocr_par' dir='ltr' id='par_1_48' title="bbox 356 4638 1921 4748">
     <span class='ocr_line' id='line_1_48' title="bbox 356 4638 1921 4748; baseline 0.019 -70"><span class='ocrx_word' id='word_1_404' title='bbox 356 4638 574 4682; x_wconf 70' lang='lat' dir='ltr'><strong>turmam</strong></span> <span class='ocrx_word' id='word_1_405' title='bbox 605 4648 778 4700; x_wconf 88' lang='lat' dir='ltr'><strong>unam,</strong></span> <span class='ocrx_word' id='word_1_406' title='bbox 820 4646 866 4689; x_wconf 90' lang='lat' dir='ltr'><strong>et</strong></span> <span class='ocrx_word' id='word_1_407' title='bbox 908 4644 1219 4708; x_wconf 84' lang='lat' dir='ltr'><strong>percusserit</strong></span> <span class='ocrx_word' id='word_1_408' title='bbox 1252 4663 1384 4713; x_wconf 88' lang='lat' dir='ltr'><strong>eam,</strong></span> <span class='ocrx_word' id='word_1_409' title='bbox 1427 4650 1522 4702; x_wconf 88' lang='lat' dir='ltr'><strong>erit</strong></span> <span class='ocrx_word' id='word_1_410' title='bbox 1552 4652 1716 4705; x_wconf 82' lang='lat' dir='ltr'><strong>adhuc</strong></span> <span class='ocrx_word' id='word_1_411' title='bbox 1742 4657 1921 4748; x_wconf 53' lang='lat' dir='ltr'><strong>altâ€˜t,</strong></span> 
     </span>
     <span class='ocr_line' id='line_1_49' title="bbox 356 4724 1485 4748; baseline 0 0"><span class='ocrx_word' id='word_1_412' title='bbox 356 4736 464 4748; x_wconf 73' lang='grc' dir='ltr'><strong>Î¹Î¹Î¹-..Î¹-</strong></span> <span class='ocrx_word' id='word_1_413' title='bbox 495 4724 765 4748; x_wconf 63' lang='grc' dir='ltr'><strong>-..1..-Î™Î¹ÎµÎ¹Î¼Î¼</strong></span> <span class='ocrx_word' id='word_1_414' title='bbox 813 4727 949 4748; x_wconf 55' lang='grc' dir='ltr'><strong>Î“Î™á¼¾Î‘Î™Î¾-</strong></span> <span class='ocrx_word' id='word_1_415' title='bbox 994 4747 1002 4748; x_wconf 58' lang='lat'><strong><em>,</em></strong></span> <span class='ocrx_word' id='word_1_416' title='bbox 1060 4747 1067 4748; x_wconf 60' lang='lat'><strong><em>,</em></strong></span> <span class='ocrx_word' id='word_1_417' title='bbox 1213 4735 1223 4748; x_wconf 80' lang='grc' dir='ltr'>Î¹</span> <span class='ocrx_word' id='word_1_418' title='bbox 1405 4740 1415 4748; x_wconf 96' lang='grc'><strong>.</strong></span> <span class='ocrx_word' id='word_1_419' title='bbox 1473 4739 1485 4748; x_wconf 89' lang='grc'><strong>.</strong></span> 
     </span>
    </p>
   </div>
   <div class='ocr_carea' id='block_1_49' title="bbox 350 4724 1921 4817">
    <p class='ocr_par' dir='ltr' id='par_1_49' title="bbox 350 4724 1921 4817">
     <span class='ocr_line' id='line_1_50' title="bbox 350 4724 1921 4817; baseline 0.02 -46"><span class='ocrx_word' id='word_1_420' title='bbox 350 4736 464 4789; x_wconf 76' lang='lat' dir='ltr'><strong>qua:</strong></span> <span class='ocrx_word' id='word_1_421' title='bbox 490 4724 781 4779; x_wconf 85' lang='lat' dir='ltr'><strong>salvabitur.</strong></span> <span class='ocrx_word' id='word_1_422' title='bbox 813 4727 955 4782; x_wconf 89' lang='lat' dir='ltr'><strong>Talia</strong></span> <span class='ocrx_word' id='word_1_423' title='bbox 987 4735 1335 4801; x_wconf 83' lang='lat' dir='ltr'><strong>suggerebant</strong></span> <span class='ocrx_word' id='word_1_424' title='bbox 1369 4740 1417 4792; x_wconf 93' lang='lat' dir='ltr'><strong>ei</strong></span> <span class='ocrx_word' id='word_1_425' title='bbox 1452 4739 1609 4795; x_wconf 91' lang='lat' dir='ltr'><strong>timor</strong></span> <span class='ocrx_word' id='word_1_426' title='bbox 1650 4754 1704 4798; x_wconf 91' lang='lat' dir='ltr'><strong>et</strong></span> <span class='ocrx_word' id='word_1_427' title='bbox 1733 4724 1921 4817; x_wconf 46' lang='lat' dir='ltr'><strong>magia</strong></span> 
     </span>
    </p>
   </div>
   <div class='ocr_carea' id='block_1_50' title="bbox 350 4810 1920 4904">
    <p class='ocr_par' dir='ltr' id='par_1_50' title="bbox 350 4810 1920 4904">
     <span class='ocr_line' id='line_1_51' title="bbox 350 4810 1920 4904; baseline 0.019 -42"><span class='ocrx_word' id='word_1_428' title='bbox 350 4810 594 4868; x_wconf 86' lang='lat' dir='ltr'><strong>formido.</strong></span> <span class='ocrx_word' id='word_1_429' title='bbox 630 4814 828 4872; x_wconf 81' lang='lat' dir='ltr'><strong>Vitlens</strong></span> <span class='ocrx_word' id='word_1_430' title='bbox 858 4830 1032 4874; x_wconf 89' lang='lat' dir='ltr'><strong>autem</strong></span> <span class='ocrx_word' id='word_1_431' title='bbox 1064 4838 1121 4876; x_wconf 90' lang='lat' dir='ltr'><strong>se</strong></span> <span class='ocrx_word' id='word_1_432' title='bbox 1163 4827 1311 4893; x_wconf 84' lang='lat' dir='ltr'><strong>quasi</strong></span> <span class='ocrx_word' id='word_1_433' title='bbox 1353 4827 1403 4881; x_wconf 92' lang='lat' dir='ltr'><strong>in</strong></span> <span class='ocrx_word' id='word_1_434' title='bbox 1439 4832 1536 4884; x_wconf 91' lang='lat' dir='ltr'><strong>reti</strong></span> <span class='ocrx_word' id='word_1_435' title='bbox 1568 4837 1920 4904; x_wconf 79' lang='lat' dir='ltr'><strong>comprehcn-</strong></span> 
     </span>
    </p>
   </div>
   <div class='ocr_carea' id='block_1_51' title="bbox 349 4904 1923 4989">
    <p class='ocr_par' dir='ltr' id='par_1_51' title="bbox 349 4904 1923 4989">
     <span class='ocr_line' id='line_1_52' title="bbox 349 4904 1923 4989; baseline 0.019 -37"><span class='ocrx_word' id='word_1_436' title='bbox 349 4915 487 4967; x_wconf 87' lang='lat' dir='ltr'><strong>sum,</strong></span> <span class='ocrx_word' id='word_1_437' title='bbox 516 4904 581 4957; x_wconf 89' lang='lat' dir='ltr'><strong>ad</strong></span> <span class='ocrx_word' id='word_1_438' title='bbox 611 4906 861 4962; x_wconf 88' lang='lat' dir='ltr'><strong>invictum</strong></span> <span class='ocrx_word' id='word_1_439' title='bbox 895 4910 1171 4966; x_wconf 88' lang='lat' dir='ltr'><strong>Dominum</strong></span> <span class='ocrx_word' id='word_1_440' title='bbox 1184 4914 1436 4986; x_wconf 86' lang='lat' dir='ltr'><strong>confugit,</strong></span> <span class='ocrx_word' id='word_1_441' title='bbox 1467 4928 1521 4973; x_wconf 91' lang='lat' dir='ltr'><strong>et</strong></span> <span class='ocrx_word' id='word_1_442' title='bbox 1546 4925 1923 4989; x_wconf 89' lang='lat' dir='ltr'><strong>promissiones</strong></span> 
     </span>
    </p>
   </div>
   <div class='ocr_carea' id='block_1_52' title="bbox 349 4996 1923 5087">
    <p class='ocr_par' dir='ltr' id='par_1_52' title="bbox 349 4996 1923 5087">
     <span class='ocr_line' id='line_1_53' title="bbox 349 4996 1923 5087; baseline 0.019 -41"><span class='ocrx_word' id='word_1_443' title='bbox 349 5009 466 5062; x_wconf 67' lang='lat' dir='ltr'><strong>quae</strong></span> <span class='ocrx_word' id='word_1_444' title='bbox 491 4996 538 5049; x_wconf 90' lang='lat' dir='ltr'><strong>ei</strong></span> <span class='ocrx_word' id='word_1_445' title='bbox 568 4996 718 5052; x_wconf 68' lang='lat' dir='ltr'><strong>facta:</strong></span> <span class='ocrx_word' id='word_1_446' title='bbox 761 5011 914 5056; x_wconf 90' lang='lat' dir='ltr'><strong>erant</strong></span> <span class='ocrx_word' id='word_1_447' title='bbox 934 5006 1122 5072; x_wconf 89' lang='lat' dir='ltr'><strong>repetit</strong></span> <span class='ocrx_word' id='word_1_448' title='bbox 1149 5006 1218 5060; x_wconf 88' lang='lat' dir='ltr'><strong>ab</strong></span> <span class='ocrx_word' id='word_1_449' title='bbox 1249 5010 1484 5065; x_wconf 92' lang='lat' dir='ltr'><strong>omnium</strong></span> <span class='ocrx_word' id='word_1_450' title='bbox 1512 5013 1636 5081; x_wconf 90' lang='lat' dir='ltr'><strong>Deo,</strong></span> <span class='ocrx_word' id='word_1_451' title='bbox 1674 5020 1821 5087; x_wconf 84' lang='lat' dir='ltr'><strong>quasi</strong></span> <span class='ocrx_word' id='word_1_452' title='bbox 1848 5021 1923 5076; x_wconf 91' lang='lat' dir='ltr'><strong>di-</strong></span> 
     </span>
    </p>
   </div>
   <div class='ocr_carea' id='block_1_53' title="bbox 349 5087 1920 5180">
    <p class='ocr_par' dir='ltr' id='par_1_53' title="bbox 349 5087 1920 5180">
     <span class='ocr_line' id='line_1_54' title="bbox 349 5087 1920 5180; baseline 0.019 -44"><span class='ocrx_word' id='word_1_453' title='bbox 349 5098 475 5137; x_wconf 88' lang='lat' dir='ltr'><strong>cens</strong></span> <span class='ocrx_word' id='word_1_454' title='bbox 516 5087 582 5140; x_wconf 89' lang='lat' dir='ltr'><strong>ad</strong></span> <span class='ocrx_word' id='word_1_455' title='bbox 632 5105 752 5143; x_wconf 91' lang='lat' dir='ltr'><strong>eum</strong></span> <span class='ocrx_word' id='word_1_456' title='bbox 788 5109 803 5146; x_wconf 90' lang='lat'><strong>:</strong></span> <span class='ocrx_word' id='word_1_457' title='bbox 840 5092 992 5149; x_wconf 84' lang='lat' dir='ltr'><strong>Nunc</strong></span> <span class='ocrx_word' id='word_1_458' title='bbox 1017 5097 1162 5150; x_wconf 90' lang='lat' dir='ltr'><strong>venit</strong></span> <span class='ocrx_word' id='word_1_459' title='bbox 1186 5106 1392 5168; x_wconf 88' lang='lat' dir='ltr'><strong>tempus</strong></span> <span class='ocrx_word' id='word_1_460' title='bbox 1426 5101 1477 5156; x_wconf 88' lang='lat' dir='ltr'><strong>in</strong></span> <span class='ocrx_word' id='word_1_461' title='bbox 1493 5119 1598 5173; x_wconf 89' lang='lat' dir='ltr'><strong>quo</strong></span> <span class='ocrx_word' id='word_1_462' title='bbox 1625 5116 1679 5161; x_wconf 90' lang='lat' dir='ltr'><strong>et</strong></span> <span class='ocrx_word' id='word_1_463' title='bbox 1704 5120 1920 5180; x_wconf 87' lang='lat' dir='ltr'><strong>propter</strong></span> 
     </span>
    </p>
   </div>
   <div class='ocr_carea' id='block_1_54' title="bbox 354 5176 1919 5263">
    <p class='ocr_par' dir='ltr' id='par_1_54' title="bbox 354 5176 1919 5263">
     <span class='ocr_line' id='line_1_55' title="bbox 354 5176 1919 5263; baseline 0.02 -37"><span class='ocrx_word' id='word_1_464' title='bbox 354 5176 823 5247; x_wconf 77' lang='lat' dir='ltr'><strong>primogenitorum</strong></span> <span class='ocrx_word' id='word_1_465' title='bbox 854 5184 1100 5243; x_wconf 85' lang='lat' dir='ltr'><strong>virtutem</strong></span> <span class='ocrx_word' id='word_1_466' title='bbox 1129 5228 1144 5252; x_wconf 93' lang='lat'><strong>,</strong></span> <span class='ocrx_word' id='word_1_467' title='bbox 1176 5199 1230 5242; x_wconf 89' lang='lat' dir='ltr'><strong>et</strong></span> <span class='ocrx_word' id='word_1_468' title='bbox 1265 5200 1483 5260; x_wconf 88' lang='lat' dir='ltr'><strong>propter</strong></span> <span class='ocrx_word' id='word_1_469' title='bbox 1512 5176 1919 5263; x_wconf 79' lang='lat' dir='ltr'><strong>promissionem</strong></span> 
     </span>
    </p>
   </div>
   <div class='ocr_carea' id='block_1_55' title="bbox 346 5272 1917 5361">
    <p class='ocr_par' dir='ltr' id='par_1_55' title="bbox 346 5272 1917 5361">
     <span class='ocr_line' id='line_1_56' title="bbox 346 5272 1917 5361; baseline 0.02 -46"><span class='ocrx_word' id='word_1_470' title='bbox 346 5278 465 5332; x_wconf 81' lang='lat' dir='ltr'><strong>qua:</strong></span> <span class='ocrx_word' id='word_1_471' title='bbox 493 5282 522 5320; x_wconf 93' lang='lat' dir='ltr'><strong>a</strong></span> <span class='ocrx_word' id='word_1_472' title='bbox 551 5278 602 5322; x_wconf 90' lang='lat' dir='ltr'><strong>te</strong></span> <span class='ocrx_word' id='word_1_473' title='bbox 631 5272 766 5326; x_wconf 88' lang='lat' dir='ltr'><strong>facta</strong></span> <span class='ocrx_word' id='word_1_474' title='bbox 795 5284 878 5328; x_wconf 90' lang='lat' dir='ltr'><strong>est</strong></span> <span class='ocrx_word' id='word_1_475' title='bbox 912 5277 1062 5343; x_wconf 91' lang='lat' dir='ltr'><strong>mihi,</strong></span> <span class='ocrx_word' id='word_1_476' title='bbox 1092 5278 1280 5348; x_wconf 83' lang='lat' dir='ltr'><strong>dignus</strong></span> <span class='ocrx_word' id='word_1_477' title='bbox 1313 5281 1508 5339; x_wconf 84' lang='lat' dir='ltr'><strong>habear</strong></span> <span class='ocrx_word' id='word_1_478' title='bbox 1532 5287 1623 5355; x_wconf 90' lang='lat' dir='ltr'><strong>qui</strong></span> <span class='ocrx_word' id='word_1_479' title='bbox 1651 5299 1742 5344; x_wconf 89' lang='lat' dir='ltr'><strong>tuo</strong></span> <span class='ocrx_word' id='word_1_480' title='bbox 1767 5293 1917 5361; x_wconf 80' lang='lat' dir='ltr'><strong>adju-</strong></span> 
     </span>
    </p>
   </div>
   <div class='ocr_carea' id='block_1_56' title="bbox 350 5359 1916 5447">
    <p class='ocr_par' dir='ltr' id='par_1_56' title="bbox 350 5359 1916 5447">
     <span class='ocr_line' id='line_1_57' title="bbox 350 5359 1916 5447; baseline 0.022 -43"><span class='ocrx_word' id='word_1_481' title='bbox 350 5368 445 5407; x_wconf 90' lang='lat' dir='ltr'><strong>ver</strong></span> <span class='ocrx_word' id='word_1_482' title='bbox 486 5359 749 5421; x_wconf 66' lang='lat' dir='ltr'><strong>praesidio.</strong></span> <span class='ocrx_word' id='word_1_483' title='bbox 782 5362 839 5419; x_wconf 77' lang='grc'><strong>9.</strong></span> <span class='ocrx_word' id='word_1_484' title='bbox 884 5364 1027 5420; x_wconf 77' lang='lat' dir='ltr'><strong>Dixit</strong></span> <span class='ocrx_word' id='word_1_485' title='bbox 1059 5371 1201 5424; x_wconf 90' lang='lat' dir='ltr'><strong>enim</strong></span> <span class='ocrx_word' id='word_1_486' title='bbox 1226 5372 1387 5429; x_wconf 90' lang='lat' dir='ltr'><strong>Iacob</strong></span> <span class='ocrx_word' id='word_1_487' title='bbox 1415 5393 1433 5431; x_wconf 93' lang='lat'><strong><em>:</em></strong></span> <span class='ocrx_word' id='word_1_488' title='bbox 1462 5375 1600 5432; x_wconf 86' lang='lat' dir='ltr'><strong>Deus</strong></span> <span class='ocrx_word' id='word_1_489' title='bbox 1628 5382 1784 5447; x_wconf 85' lang='lat' dir='ltr'><strong>patris</strong></span> <span class='ocrx_word' id='word_1_490' title='bbox 1819 5359 1916 5439; x_wconf 84' lang='lat' dir='ltr'><strong>mei</strong></span> 
     </span>
    </p>
   </div>
   <div class='ocr_carea' id='block_1_57' title="bbox 346 5444 1908 5543">
    <p class='ocr_par' dir='ltr' id='par_1_57' title="bbox 346 5444 1908 5543">
     <span class='ocr_line' id='line_1_58' title="bbox 346 5444 1908 5543; baseline 0.022 -50"><span class='ocrx_word' id='word_1_491' title='bbox 346 5444 621 5514; x_wconf 78' lang='lat' dir='ltr'><strong>Abraham,</strong></span> <span class='ocrx_word' id='word_1_492' title='bbox 647 5460 691 5502; x_wconf 84' lang='lat' dir='ltr'><strong>et</strong></span> <span class='ocrx_word' id='word_1_493' title='bbox 726 5451 864 5508; x_wconf 88' lang='lat' dir='ltr'><strong>Deus</strong></span> <span class='ocrx_word' id='word_1_494' title='bbox 898 5460 1056 5520; x_wconf 84' lang='lat' dir='ltr'><strong>patris</strong></span> <span class='ocrx_word' id='word_1_495' title='bbox 1081 5462 1177 5514; x_wconf 87' lang='lat' dir='ltr'><strong>mei</strong></span> <span class='ocrx_word' id='word_1_496' title='bbox 1201 5461 1369 5530; x_wconf 82' lang='lat' dir='ltr'><strong>Isaac,</strong></span> <span class='ocrx_word' id='word_1_497' title='bbox 1390 5478 1442 5521; x_wconf 85' lang='lat' dir='ltr'><strong>tu</strong></span> <span class='ocrx_word' id='word_1_498' title='bbox 1462 5470 1550 5535; x_wconf 81' lang='lat' dir='ltr'><strong>qui</strong></span> <span class='ocrx_word' id='word_1_499' title='bbox 1568 5444 1741 5526; x_wconf 59' lang='lat' dir='ltr'><strong>diciin</strong></span> <span class='ocrx_word' id='word_1_500' title='bbox 1767 5476 1908 5543; x_wconf 83' lang='lat' dir='ltr'><strong>mibi,</strong></span> 
     </span>
    </p>
   </div>
   <div class='ocr_carea' id='block_1_58' title="bbox 356 5531 1909 5626">
    <p class='ocr_par' dir='ltr' id='par_1_58' title="bbox 356 5531 1909 5626">
     <span class='ocr_line' id='line_1_59' title="bbox 356 5531 1909 5626; baseline 0.023 -42"><span class='ocrx_word' id='word_1_501' title='bbox 356 5531 493 5589; x_wconf 77' lang='lat' dir='ltr'><strong>Vade</strong></span> <span class='ocrx_word' id='word_1_502' title='bbox 524 5538 577 5590; x_wconf 85' lang='lat' dir='ltr'><strong>in</strong></span> <span class='ocrx_word' id='word_1_503' title='bbox 621 5551 805 5596; x_wconf 89' lang='lat' dir='ltr'><strong>terram</strong></span> <span class='ocrx_word' id='word_1_504' title='bbox 842 5549 1111 5604; x_wconf 86' lang='lat' dir='ltr'><strong>nativitatis</strong></span> <span class='ocrx_word' id='word_1_505' title='bbox 1131 5562 1267 5618; x_wconf 79' lang='lat' dir='ltr'><strong>tute;</strong></span> <span class='ocrx_word' id='word_1_506' title='bbox 1310 5557 1397 5625; x_wconf 88' lang='lat' dir='ltr'><strong>qui</strong></span> <span class='ocrx_word' id='word_1_507' title='bbox 1428 5562 1655 5614; x_wconf 87' lang='lat' dir='ltr'><strong>cvocasti</strong></span> <span class='ocrx_word' id='word_1_508' title='bbox 1684 5578 1788 5626; x_wconf 89' lang='lat' dir='ltr'><strong>me,</strong></span> <span class='ocrx_word' id='word_1_509' title='bbox 1826 5565 1909 5619; x_wconf 86' lang='lat' dir='ltr'><strong>in-</strong></span> 
     </span>
    </p>
   </div>
   <div class='ocr_carea' id='block_1_59' title="bbox 344 5625 1908 5730">
    <p class='ocr_par' dir='ltr' id='par_1_59' title="bbox 344 5625 1908 5730">
     <span class='ocr_line' id='line_1_60' title="bbox 344 5625 1908 5730; baseline 0.026 -56"><span class='ocrx_word' id='word_1_510' title='bbox 344 5625 475 5695; x_wconf 77' lang='lat' dir='ltr'><strong>quit,</strong></span> <span class='ocrx_word' id='word_1_511' title='bbox 505 5628 570 5683; x_wconf 92' lang='lat' dir='ltr'><strong>de</strong></span> <span class='ocrx_word' id='word_1_512' title='bbox 598 5639 735 5685; x_wconf 84' lang='lat' dir='ltr'><strong>terra</strong></span> <span class='ocrx_word' id='word_1_513' title='bbox 764 5634 951 5701; x_wconf 79' lang='lat' dir='ltr'><strong>aliena,</strong></span> <span class='ocrx_word' id='word_1_514' title='bbox 982 5649 1034 5693; x_wconf 91' lang='lat' dir='ltr'><strong>et</strong></span> <span class='ocrx_word' id='word_1_515' title='bbox 1063 5646 1360 5714; x_wconf 70' lang='lat' dir='ltr'><strong>prmccpisti</strong></span> <span class='ocrx_word' id='word_1_516' title='bbox 1391 5658 1446 5704; x_wconf 92' lang='lat' dir='ltr'><strong>ut</strong></span> <span class='ocrx_word' id='word_1_517' title='bbox 1473 5651 1701 5710; x_wconf 83' lang='lat' dir='ltr'><strong>redirem</strong></span> <span class='ocrx_word' id='word_1_518' title='bbox 1726 5625 1790 5710; x_wconf 84' lang='lat' dir='ltr'><strong>ad</strong></span> <span class='ocrx_word' id='word_1_519' title='bbox 1820 5673 1908 5730; x_wconf 84' lang='lat' dir='ltr'><strong>pa-</strong></span> 
     </span>
    </p>
   </div>
   <div class='ocr_carea' id='block_1_60' title="bbox 1075 333 2905 409">
    <p class='ocr_par' dir='ltr' id='par_1_60' title="bbox 1075 333 2905 409">
     <span class='ocr_line' id='line_1_61' title="bbox 1075 333 2905 409; baseline 0.009 -18"><span class='ocrx_word' id='word_1_520' title='bbox 1075 333 1132 391; x_wconf 91' lang='lat' dir='ltr'><strong>S.</strong></span> <span class='ocrx_word' id='word_1_521' title='bbox 1174 334 1451 391; x_wconf 68' lang='lat' dir='ltr'><strong>JOANNIS</strong></span> <span class='ocrx_word' id='word_1_522' title='bbox 1493 333 1968 391; x_wconf 66' lang='lat' dir='ltr'><strong>CllltYSUSTOMl</strong></span> <span class='ocrx_word' id='word_1_523' title='bbox 2011 335 2329 395; x_wconf 81' lang='lat' dir='ltr'><strong>ARClllEP.</strong></span> <span class='ocrx_word' id='word_1_524' title='bbox 2369 341 2905 409; x_wconf 80' lang='lat' dir='ltr'><strong>CONSTANTINOP.</strong></span> 
     </span>
    </p>
   </div>
   <div class='ocr_carea' id='block_1_61' title="bbox 3541 358 3635 415">
    <p class='ocr_par' dir='ltr' id='par_1_61' title="bbox 3541 358 3635 415">
     <span class='ocr_line' id='line_1_62' title="bbox 3541 358 3635 415; baseline 0.021 -3"><span class='ocrx_word' id='word_1_525' title='bbox 3541 358 3635 415; x_wconf 68' lang='lat'><strong>508</strong></span> 
     </span>
    </p>
   </div>
   <div class='ocr_carea' id='block_1_62' title="bbox 2060 457 3639 525">
    <p class='ocr_par' dir='ltr' id='par_1_62' title="bbox 2060 457 3639 525">
     <span class='ocr_line' id='line_1_63' title="bbox 2060 457 3639 525; baseline 0.015 -24"><span class='ocrx_word' id='word_1_526' title='bbox 2060 457 2192 503; x_wconf 88' lang='lat' dir='ltr'><strong>trem</strong></span> <span class='ocrx_word' id='word_1_527' title='bbox 2226 468 2421 521; x_wconf 90' lang='lat' dir='ltr'><strong>meum,</strong></span> <span class='ocrx_word' id='word_1_528' title='bbox 2464 459 2597 512; x_wconf 89' lang='lat' dir='ltr'><strong>etin</strong></span> <span class='ocrx_word' id='word_1_529' title='bbox 2627 470 2820 517; x_wconf 85' lang='lat' dir='ltr'><strong>terram</strong></span> <span class='ocrx_word' id='word_1_530' title='bbox 2853 465 3182 523; x_wconf 87' lang='lat' dir='ltr'><strong>nativitatis:</strong></span> <span class='ocrx_word' id='word_1_531' title='bbox 3212 468 3307 525; x_wconf 85' lang='grc'><strong>10.</strong></span> <span class='ocrx_word' id='word_1_532' title='bbox 3354 467 3503 525; x_wconf 85' lang='lat' dir='ltr'><strong>Satis</strong></span> <span class='ocrx_word' id='word_1_533' title='bbox 3524 474 3639 524; x_wconf 61' lang='lat' dir='ltr'><strong>mibi</strong></span> 
     </span>
    </p>
   </div>
   <div class='ocr_carea' id='block_1_63' title="bbox 2052 544 3637 633">
    <p class='ocr_par' dir='ltr' id='par_1_63' title="bbox 2052 544 3637 633">
     <span class='ocr_line' id='line_1_64' title="bbox 2052 544 3637 633; baseline 0.016 -38"><span class='ocrx_word' id='word_1_534' title='bbox 2052 544 2117 595; x_wconf 85' lang='lat' dir='ltr'><strong>sit</strong></span> <span class='ocrx_word' id='word_1_535' title='bbox 2144 546 2161 576; x_wconf 77' lang='grc'>â¸</span> <span class='ocrx_word' id='word_1_536' title='bbox 2186 546 2250 599; x_wconf 85' lang='lat' dir='ltr'><strong>de</strong></span> <span class='ocrx_word' id='word_1_537' title='bbox 2275 550 2415 601; x_wconf 88' lang='lat' dir='ltr'><strong>omni</strong></span> <span class='ocrx_word' id='word_1_538' title='bbox 2433 551 2636 619; x_wconf 87' lang='lat' dir='ltr'><strong>justitia</strong></span> <span class='ocrx_word' id='word_1_539' title='bbox 2658 562 2703 608; x_wconf 88' lang='lat' dir='ltr'><strong>et</strong></span> <span class='ocrx_word' id='word_1_540' title='bbox 2722 558 2949 626; x_wconf 82' lang='lat' dir='ltr'><strong>veritate,</strong></span> <span class='ocrx_word' id='word_1_541' title='bbox 2972 576 3127 630; x_wconf 87' lang='lat' dir='ltr'><strong>quam</strong></span> <span class='ocrx_word' id='word_1_542' title='bbox 3153 564 3324 631; x_wconf 75' lang='lat' dir='ltr'><strong>fecisti</strong></span> <span class='ocrx_word' id='word_1_543' title='bbox 3343 578 3512 633; x_wconf 71' lang='lat' dir='ltr'><strong>puero</strong></span> <span class='ocrx_word' id='word_1_544' title='bbox 3542 574 3637 617; x_wconf 73' lang='lat' dir='ltr'><strong>tu.</strong></span> 
     </span>
    </p>
   </div>
   <div class='ocr_carea' id='block_1_64' title="bbox 2054 632 3637 724">
    <p class='ocr_par' dir='ltr' id='par_1_64' title="bbox 2054 632 3637 724">
     <span class='ocr_line' id='line_1_65' title="bbox 2054 632 3637 724; baseline 0.015 -37"><span class='ocrx_word' id='word_1_545' title='bbox 2054 632 2291 691; x_wconf 86' lang='lat' dir='ltr'><strong>Sufficiat</strong></span> <span class='ocrx_word' id='word_1_546' title='bbox 2320 640 2467 707; x_wconf 76' lang='lat' dir='ltr'><strong>milii,</strong></span> <span class='ocrx_word' id='word_1_547' title='bbox 2499 643 2686 714; x_wconf 89' lang='lat' dir='ltr'><strong>inquit,</strong></span> <span class='ocrx_word' id='word_1_548' title='bbox 2718 648 2784 701; x_wconf 89' lang='lat' dir='ltr'><strong>ad</strong></span> <span class='ocrx_word' id='word_1_549' title='bbox 2815 651 3110 707; x_wconf 90' lang='lat' dir='ltr'><strong>subsidium</strong></span> <span class='ocrx_word' id='word_1_550' title='bbox 3140 653 3191 708; x_wconf 93' lang='lat' dir='ltr'><strong>in</strong></span> <span class='ocrx_word' id='word_1_551' title='bbox 3216 632 3487 724; x_wconf 66' lang='lat' dir='ltr'><strong>praesenti</strong></span> <span class='ocrx_word' id='word_1_552' title='bbox 3508 665 3637 709; x_wconf 80' lang='lat' dir='ltr'><strong>tem-</strong></span> 
     </span>
    </p>
   </div>
   <div class='ocr_carea' id='block_1_65' title="bbox 2054 726 3643 816">
    <p class='ocr_par' dir='ltr' id='par_1_65' title="bbox 2054 726 3643 816">
     <span class='ocr_line' id='line_1_66' title="bbox 2054 726 3643 816; baseline 0.018 -41"><span class='ocrx_word' id='word_1_553' title='bbox 2054 738 2204 793; x_wconf 86' lang='lat' dir='ltr'><strong>pore.</strong></span> <span class='ocrx_word' id='word_1_554' title='bbox 2231 726 2331 793; x_wconf 87' lang='lat' dir='ltr'><strong>Qui</strong></span> <span class='ocrx_word' id='word_1_555' title='bbox 2362 732 2502 785; x_wconf 91' lang='lat' dir='ltr'><strong>enim</strong></span> <span class='ocrx_word' id='word_1_556' title='bbox 2526 749 2691 805; x_wconf 89' lang='lat' dir='ltr'><strong>usque</strong></span> <span class='ocrx_word' id='word_1_557' title='bbox 2715 738 2780 792; x_wconf 85' lang='lat' dir='ltr'><strong>ad</strong></span> <span class='ocrx_word' id='word_1_558' title='bbox 2794 754 3029 809; x_wconf 78' lang='lat' dir='ltr'><strong>praesens</strong></span> <span class='ocrx_word' id='word_1_559' title='bbox 3055 754 3264 815; x_wconf 87' lang='lat' dir='ltr'><strong>tempus</strong></span> <span class='ocrx_word' id='word_1_560' title='bbox 3292 755 3509 800; x_wconf 73' lang='lat' dir='ltr'><strong>tantam</strong></span> <span class='ocrx_word' id='word_1_561' title='bbox 3532 762 3643 816; x_wconf 73' lang='lat' dir='ltr'><strong>erga</strong></span> 
     </span>
    </p>
   </div>
   <div class='ocr_carea' id='block_1_66' title="bbox 2054 815 3644 906">
    <p class='ocr_par' dir='ltr' id='par_1_66' title="bbox 2054 815 3644 906">
     <span class='ocr_line' id='line_1_67' title="bbox 2054 815 3644 906; baseline 0.015 -39"><span class='ocrx_word' id='word_1_562' title='bbox 2054 830 2141 868; x_wconf 90' lang='lat' dir='ltr'><strong>me</strong></span> <span class='ocrx_word' id='word_1_563' title='bbox 2167 815 2445 875; x_wconf 88' lang='lat' dir='ltr'><strong>declarasti</strong></span> <span class='ocrx_word' id='word_1_564' title='bbox 2472 826 2881 898; x_wconf 87' lang='lat' dir='ltr'><strong>providentiam,</strong></span> <span class='ocrx_word' id='word_1_565' title='bbox 2908 842 3060 901; x_wconf 88' lang='lat' dir='ltr'><strong>potes</strong></span> <span class='ocrx_word' id='word_1_566' title='bbox 3085 837 3425 890; x_wconf 86' lang='lat' dir='ltr'><strong>etiamnunc</strong></span> <span class='ocrx_word' id='word_1_567' title='bbox 3442 815 3644 906; x_wconf 80' lang='lat' dir='ltr'><strong>eripere</strong></span> 
     </span>
    </p>
   </div>
   <div class='ocr_carea' id='block_1_67' title="bbox 2054 908 3646 999">
    <p class='ocr_par' dir='ltr' id='par_1_67' title="bbox 2054 908 3646 999">
     <span class='ocr_line' id='line_1_68' title="bbox 2054 908 3646 999; baseline 0.019 -40"><span class='ocrx_word' id='word_1_568' title='bbox 2054 920 2141 961; x_wconf 90' lang='lat' dir='ltr'><strong>me</strong></span> <span class='ocrx_word' id='word_1_569' title='bbox 2173 908 2240 963; x_wconf 92' lang='lat' dir='ltr'><strong>ab</strong></span> <span class='ocrx_word' id='word_1_570' title='bbox 2278 915 2585 981; x_wconf 83' lang='lat' dir='ltr'><strong>urgentibus</strong></span> <span class='ocrx_word' id='word_1_571' title='bbox 2615 920 2885 988; x_wconf 90' lang='lat' dir='ltr'><strong>periculis.</strong></span> <span class='ocrx_word' id='word_1_572' title='bbox 2921 922 3037 979; x_wconf 80' lang='lat' dir='ltr'><strong>Non</strong></span> <span class='ocrx_word' id='word_1_573' title='bbox 3067 928 3211 981; x_wconf 89' lang='lat' dir='ltr'><strong>enim</strong></span> <span class='ocrx_word' id='word_1_574' title='bbox 3243 929 3446 999; x_wconf 76' lang='lat' dir='ltr'><strong>ignoro</strong></span> <span class='ocrx_word' id='word_1_575' title='bbox 3467 970 3483 993; x_wconf 88' lang='lat'><strong>,</strong></span> <span class='ocrx_word' id='word_1_576' title='bbox 3516 929 3646 997; x_wconf 72' lang='lat' dir='ltr'><strong>quod</strong></span> 
     </span>
    </p>
   </div>
   <div class='ocr_carea' id='block_1_68' title="bbox 2054 999 3643 1091">
    <p class='ocr_par' dir='ltr' id='par_1_68' title="bbox 2054 999 3643 1091">
     <span class='ocr_line' id='line_1_69' title="bbox 2054 999 3643 1091; baseline 0.02 -39"><span class='ocrx_word' id='word_1_577' title='bbox 2054 999 2122 1053; x_wconf 87' lang='lat' dir='ltr'><strong>In</strong></span> <span class='ocrx_word' id='word_1_578' title='bbox 2173 1002 2268 1057; x_wconf 89' lang='lat' dir='ltr'><strong>isto</strong></span> <span class='ocrx_word' id='word_1_579' title='bbox 2304 1005 2481 1062; x_wconf 88' lang='lat' dir='ltr'><strong>baculo</strong></span> <span class='ocrx_word' id='word_1_580' title='bbox 2514 1027 2623 1065; x_wconf 90' lang='lat' dir='ltr'><strong>meo</strong></span> <span class='ocrx_word' id='word_1_581' title='bbox 2651 1016 2860 1070; x_wconf 86' lang='lat' dir='ltr'><strong>transivi</strong></span> <span class='ocrx_word' id='word_1_582' title='bbox 2893 1016 3171 1073; x_wconf 87' lang='lat' dir='ltr'><strong>Iordanem</strong></span> <span class='ocrx_word' id='word_1_583' title='bbox 3213 1037 3234 1075; x_wconf 91' lang='lat'><strong><em>:</em></strong></span> <span class='ocrx_word' id='word_1_584' title='bbox 3274 1022 3381 1077; x_wconf 87' lang='lat' dir='ltr'><strong>sed</strong></span> <span class='ocrx_word' id='word_1_585' title='bbox 3431 1033 3643 1091; x_wconf 64' lang='grc' dir='ltr'><strong>Î¹Î¹Î½Î¿á¿‘Î·ÎµÏ„</strong></span> 
     </span>
    </p>
   </div>
   <div class='ocr_carea' id='block_1_69' title="bbox 2055 1095 3643 1182">
    <p class='ocr_par' dir='ltr' id='par_1_69' title="bbox 2055 1095 3643 1182">
     <span class='ocr_line' id='line_1_70' title="bbox 2055 1095 3643 1182; baseline 0.016 -38"><span class='ocrx_word' id='word_1_586' title='bbox 2055 1099 2197 1147; x_wconf 90' lang='lat' dir='ltr'><strong>tuam</strong></span> <span class='ocrx_word' id='word_1_587' title='bbox 2233 1095 2300 1150; x_wconf 89' lang='lat' dir='ltr'><strong>de</strong></span> <span class='ocrx_word' id='word_1_588' title='bbox 2324 1113 2410 1152; x_wconf 92' lang='lat' dir='ltr'><strong>me</strong></span> <span class='ocrx_word' id='word_1_589' title='bbox 2435 1102 2844 1161; x_wconf 90' lang='lat' dir='ltr'><strong>sollicitudinem</strong></span> <span class='ocrx_word' id='word_1_590' title='bbox 2869 1150 2884 1173; x_wconf 94' lang='lat'><strong>,</strong></span> <span class='ocrx_word' id='word_1_591' title='bbox 2913 1110 3003 1179; x_wconf 91' lang='lat' dir='ltr'><strong>qui</strong></span> <span class='ocrx_word' id='word_1_592' title='bbox 3030 1110 3275 1167; x_wconf 85' lang='lat' dir='ltr'><strong>baculum</strong></span> <span class='ocrx_word' id='word_1_593' title='bbox 3337 1113 3531 1167; x_wconf 87' lang='lat' dir='ltr'><strong>solum</strong></span> <span class='ocrx_word' id='word_1_594' title='bbox 3559 1125 3643 1182; x_wconf 79' lang='lat' dir='ltr'><strong>ge-</strong></span> 
     </span>
    </p>
   </div>
   <div class='ocr_carea' id='block_1_70' title="bbox 2056 1188 3643 1265">
    <p class='ocr_par' dir='ltr' id='par_1_70' title="bbox 2056 1188 3643 1265">
     <span class='ocr_line' id='line_1_71' title="bbox 2056 1188 3643 1265; baseline 0.012 -28"><span class='ocrx_word' id='word_1_595' title='bbox 2056 1194 2205 1239; x_wconf 85' lang='lat' dir='ltr'><strong>stans</strong></span> <span class='ocrx_word' id='word_1_596' title='bbox 2237 1188 2375 1242; x_wconf 87' lang='lat' dir='ltr'><strong>abivi</strong></span> <span class='ocrx_word' id='word_1_597' title='bbox 2406 1191 2458 1246; x_wconf 91' lang='lat' dir='ltr'><strong>in</strong></span> <span class='ocrx_word' id='word_1_598' title='bbox 2478 1200 2673 1249; x_wconf 90' lang='lat' dir='ltr'><strong>terram</strong></span> <span class='ocrx_word' id='word_1_599' title='bbox 2701 1198 2950 1265; x_wconf 90' lang='lat' dir='ltr'><strong>alienam,</strong></span> <span class='ocrx_word' id='word_1_600' title='bbox 2983 1201 3135 1257; x_wconf 87' lang='lat' dir='ltr'><strong>Nunc</strong></span> <span class='ocrx_word' id='word_1_601' title='bbox 3157 1220 3277 1257; x_wconf 88' lang='lat' dir='ltr'><strong>cum</strong></span> <span class='ocrx_word' id='word_1_602' title='bbox 3306 1204 3520 1257; x_wconf 82' lang='lat' dir='ltr'><strong>duabus</strong></span> <span class='ocrx_word' id='word_1_603' title='bbox 3543 1214 3643 1256; x_wconf 68' lang='lat' dir='ltr'><strong>ter.</strong></span> 
     </span>
    </p>
   </div>
   <div class='ocr_carea' id='block_1_71' title="bbox 2056 1275 3642 1362">
    <p class='ocr_par' dir='ltr' id='par_1_71' title="bbox 2056 1275 3642 1362">
     <span class='ocr_line' id='line_1_72' title="bbox 2056 1275 3642 1362; baseline 0.015 -37"><span class='ocrx_word' id='word_1_604' title='bbox 2056 1275 2150 1328; x_wconf 88' lang='lat' dir='ltr'><strong>mis</strong></span> <span class='ocrx_word' id='word_1_605' title='bbox 2171 1277 2369 1331; x_wconf 87' lang='lat' dir='ltr'><strong>adveni.</strong></span> <span class='ocrx_word' id='word_1_606' title='bbox 2396 1280 2472 1335; x_wconf 89' lang='lat' dir='ltr'><strong>Tu</strong></span> <span class='ocrx_word' id='word_1_607' title='bbox 2498 1284 2676 1352; x_wconf 80' lang='lat' dir='ltr'><strong>igitur,</strong></span> <span class='ocrx_word' id='word_1_608' title='bbox 2720 1287 2963 1357; x_wconf 91' lang='lat' dir='ltr'><strong>Domine,</strong></span> <span class='ocrx_word' id='word_1_609' title='bbox 2994 1295 3083 1362; x_wconf 93' lang='lat' dir='ltr'><strong>qui</strong></span> <span class='ocrx_word' id='word_1_610' title='bbox 3112 1304 3321 1348; x_wconf 89' lang='lat' dir='ltr'><strong>tantam</strong></span> <span class='ocrx_word' id='word_1_611' title='bbox 3357 1293 3499 1348; x_wconf 80' lang='lat' dir='ltr'><strong>mihi</strong></span> <span class='ocrx_word' id='word_1_612' title='bbox 3527 1294 3642 1348; x_wconf 75' lang='lat' dir='ltr'><strong>sub-</strong></span> 
     </span>
    </p>
   </div>
   <div class='ocr_carea' id='block_1_72' title="bbox 2055 1368 3642 1450">
    <p class='ocr_par' dir='ltr' id='par_1_72' title="bbox 2055 1368 3642 1450">
     <span class='ocr_line' id='line_1_73' title="bbox 2055 1368 3642 1450; baseline 0.015 -34"><span class='ocrx_word' id='word_1_613' title='bbox 2055 1368 2302 1422; x_wconf 89' lang='lat' dir='ltr'><strong>stantiam</strong></span> <span class='ocrx_word' id='word_1_614' title='bbox 2351 1370 2570 1442; x_wconf 86' lang='lat' dir='ltr'><strong>largitus</strong></span> <span class='ocrx_word' id='word_1_615' title='bbox 2620 1392 2680 1431; x_wconf 90' lang='lat' dir='ltr'><strong>es</strong></span> <span class='ocrx_word' id='word_1_616' title='bbox 2711 1418 2726 1442; x_wconf 95' lang='lat'><strong>,</strong></span> <span class='ocrx_word' id='word_1_617' title='bbox 2766 1381 2854 1450; x_wconf 90' lang='lat' dir='ltr'><strong>qui</strong></span> <span class='ocrx_word' id='word_1_618' title='bbox 2883 1392 3083 1437; x_wconf 90' lang='lat' dir='ltr'><strong>tantum</strong></span> <span class='ocrx_word' id='word_1_619' title='bbox 3116 1386 3526 1441; x_wconf 87' lang='lat' dir='ltr'><strong>incrementum</strong></span> <span class='ocrx_word' id='word_1_620' title='bbox 3564 1385 3642 1439; x_wconf 78' lang='lat' dir='ltr'><strong>de-</strong></span> 
     </span>
    </p>
   </div>
   <div class='ocr_carea' id='block_1_73' title="bbox 2053 1455 3639 1546">
    <p class='ocr_par' dir='ltr' id='par_1_73' title="bbox 2053 1455 3639 1546">
     <span class='ocr_line' id='line_1_74' title="bbox 2053 1455 3639 1546; baseline 0.013 -37"><span class='ocrx_word' id='word_1_621' title='bbox 2053 1455 2198 1522; x_wconf 89' lang='lat' dir='ltr'><strong>disti,</strong></span> <span class='ocrx_word' id='word_1_622' title='bbox 2230 1475 2371 1515; x_wconf 89' lang='lat' dir='ltr'><strong>nunc</strong></span> <span class='ocrx_word' id='word_1_623' title='bbox 2408 1464 2495 1518; x_wconf 82' lang='grc'><strong>11.</strong></span> <span class='ocrx_word' id='word_1_624' title='bbox 2543 1466 2701 1537; x_wconf 75' lang='lat' dir='ltr'><strong>Eripe</strong></span> <span class='ocrx_word' id='word_1_625' title='bbox 2740 1486 2819 1524; x_wconf 91' lang='lat' dir='ltr'><strong>me</strong></span> <span class='ocrx_word' id='word_1_626' title='bbox 2846 1473 2908 1526; x_wconf 89' lang='lat' dir='ltr'><strong>de</strong></span> <span class='ocrx_word' id='word_1_627' title='bbox 2948 1489 3102 1529; x_wconf 88' lang='lat' dir='ltr'><strong>manu</strong></span> <span class='ocrx_word' id='word_1_628' title='bbox 3128 1478 3311 1546; x_wconf 77' lang='lat' dir='ltr'><strong>fratris</strong></span> <span class='ocrx_word' id='word_1_629' title='bbox 3340 1478 3446 1528; x_wconf 84' lang='lat' dir='ltr'><strong>mei</strong></span> <span class='ocrx_word' id='word_1_630' title='bbox 3470 1475 3639 1529; x_wconf 69' lang='lat' dir='ltr'><strong>Emi:</strong></span> 
     </span>
    </p>
   </div>
   <div class='ocr_carea' id='block_1_74' title="bbox 2052 1553 3642 1636">
    <p class='ocr_par' dir='ltr' id='par_1_74' title="bbox 2052 1553 3642 1636">
     <span class='ocr_line' id='line_1_75' title="bbox 2052 1553 3642 1636; baseline 0.013 -34"><span class='ocrx_word' id='word_1_631' title='bbox 2052 1553 2170 1620; x_wconf 83' lang='lat' dir='ltr'><strong>quia</strong></span> <span class='ocrx_word' id='word_1_632' title='bbox 2202 1554 2351 1608; x_wconf 81' lang='lat' dir='ltr'><strong>timeo</strong></span> <span class='ocrx_word' id='word_1_633' title='bbox 2390 1574 2480 1628; x_wconf 83' lang='lat' dir='ltr'><strong>ego</strong></span> <span class='ocrx_word' id='word_1_634' title='bbox 2501 1575 2633 1622; x_wconf 90' lang='lat' dir='ltr'><strong>eum,</strong></span> <span class='ocrx_word' id='word_1_635' title='bbox 2668 1578 2731 1616; x_wconf 85' lang='lat' dir='ltr'><strong>ne</strong></span> <span class='ocrx_word' id='word_1_636' title='bbox 2772 1567 2901 1633; x_wconf 83' lang='lat' dir='ltr'><strong>forte</strong></span> <span class='ocrx_word' id='word_1_637' title='bbox 2950 1571 3195 1636; x_wconf 84' lang='lat' dir='ltr'><strong>percutiat</strong></span> <span class='ocrx_word' id='word_1_638' title='bbox 3230 1585 3339 1634; x_wconf 86' lang='lat' dir='ltr'><strong>me,</strong></span> <span class='ocrx_word' id='word_1_639' title='bbox 3364 1580 3415 1622; x_wconf 84' lang='lat' dir='ltr'><strong>et</strong></span> <span class='ocrx_word' id='word_1_640' title='bbox 3441 1579 3642 1621; x_wconf 64' lang='lat' dir='ltr'><strong>matrem</strong></span> 
     </span>
    </p>
   </div>
   <div class='ocr_carea' id='block_1_75' title="bbox 2054 1647 3641 1727">
    <p class='ocr_par' dir='ltr' id='par_1_75' title="bbox 2054 1647 3641 1727">
     <span class='ocr_line' id='line_1_76' title="bbox 2054 1647 3641 1727; baseline 0.011 -33"><span class='ocrx_word' id='word_1_641' title='bbox 2054 1659 2167 1696; x_wconf 89' lang='lat' dir='ltr'><strong>cum</strong></span> <span class='ocrx_word' id='word_1_642' title='bbox 2208 1647 2395 1713; x_wconf 85' lang='lat' dir='ltr'><strong>pueris.</strong></span> <span class='ocrx_word' id='word_1_643' title='bbox 2425 1650 2515 1703; x_wconf 79' lang='grc'><strong>12.</strong></span> <span class='ocrx_word' id='word_1_644' title='bbox 2546 1650 2622 1704; x_wconf 89' lang='lat' dir='ltr'><strong>Tu</strong></span> <span class='ocrx_word' id='word_1_645' title='bbox 2642 1654 2816 1708; x_wconf 61' lang='lat' dir='ltr'><strong>dixisti</strong></span> <span class='ocrx_word' id='word_1_646' title='bbox 2839 1673 2851 1708; x_wconf 92' lang='lat'><strong>:</strong></span> <span class='ocrx_word' id='word_1_647' title='bbox 2876 1655 3199 1726; x_wconf 84' lang='lat' dir='ltr'><strong>Benefaciam</strong></span> <span class='ocrx_word' id='word_1_648' title='bbox 3225 1659 3343 1725; x_wconf 85' lang='lat' dir='ltr'><strong>tibi,</strong></span> <span class='ocrx_word' id='word_1_649' title='bbox 3387 1674 3442 1713; x_wconf 79' lang='grc' dir='ltr'><strong>Î±</strong></span> <span class='ocrx_word' id='word_1_650' title='bbox 3472 1676 3641 1727; x_wconf 68' lang='lat' dir='ltr'><strong>parum</strong></span> 
     </span>
    </p>
   </div>
   <div class='ocr_carea' id='block_1_76' title="bbox 2053 1741 3635 1820">
    <p class='ocr_par' dir='ltr' id='par_1_76' title="bbox 2053 1741 3635 1820">
     <span class='ocr_line' id='line_1_77' title="bbox 2053 1741 3635 1820; baseline 0.01 -33"><span class='ocrx_word' id='word_1_651' title='bbox 2053 1750 2220 1788; x_wconf 87' lang='lat' dir='ltr'><strong>semen</strong></span> <span class='ocrx_word' id='word_1_652' title='bbox 2257 1746 2400 1791; x_wconf 90' lang='lat' dir='ltr'><strong>tuum</strong></span> <span class='ocrx_word' id='word_1_653' title='bbox 2426 1741 2553 1793; x_wconf 85' lang='lat' dir='ltr'><strong>sicut</strong></span> <span class='ocrx_word' id='word_1_654' title='bbox 2590 1759 2795 1799; x_wconf 85' lang='lat' dir='ltr'><strong>arenam</strong></span> <span class='ocrx_word' id='word_1_655' title='bbox 2830 1748 3005 1814; x_wconf 90' lang='lat' dir='ltr'><strong>maris,</strong></span> <span class='ocrx_word' id='word_1_656' title='bbox 3040 1766 3153 1819; x_wconf 75' lang='lat' dir='ltr'><strong>qua:</strong></span> <span class='ocrx_word' id='word_1_657' title='bbox 3178 1753 3456 1805; x_wconf 83' lang='lat' dir='ltr'><strong>numerari</strong></span> <span class='ocrx_word' id='word_1_658' title='bbox 3483 1755 3635 1820; x_wconf 62' lang='lat' dir='ltr'><strong>nequit</strong></span> 
     </span>
    </p>
   </div>
   <div class='ocr_carea' id='block_1_77' title="bbox 2054 1832 2516 1898">
    <p class='ocr_par' dir='ltr' id='par_1_77' title="bbox 2054 1832 2516 1898">
     <span class='ocr_line' id='line_1_78' title="bbox 2054 1832 2516 1898; baseline 0.011 -16"><span class='ocrx_word' id='word_1_659' title='bbox 2054 1845 2162 1898; x_wconf 72' lang='lat' dir='ltr'><strong>pra:</strong></span> <span class='ocrx_word' id='word_1_660' title='bbox 2180 1832 2516 1887; x_wconf 85' lang='lat' dir='ltr'><strong>multitudine.</strong></span> 
     </span>
    </p>
   </div>
   <div class='ocr_carea' id='block_1_78' title="bbox 2124 1922 3642 2004">
    <p class='ocr_par' dir='ltr' id='par_1_78' title="bbox 2124 1922 3642 2004">
     <span class='ocr_line' id='line_1_79' title="bbox 2124 1922 3642 2004; baseline 0.011 -30"><span class='ocrx_word' id='word_1_661' title='bbox 2124 1922 2178 1975; x_wconf 72' lang='lat'><strong>2.</strong></span> <span class='ocrx_word' id='word_1_662' title='bbox 2207 1923 2367 1979; x_wconf 91' lang='lat' dir='ltr'><strong>Iacob</strong></span> <span class='ocrx_word' id='word_1_663' title='bbox 2403 1927 2527 1995; x_wconf 88' lang='lat' dir='ltr'><strong>petit</strong></span> <span class='ocrx_word' id='word_1_664' title='bbox 2561 1944 2594 1981; x_wconf 92' lang='lat' dir='ltr'><strong>a</strong></span> <span class='ocrx_word' id='word_1_665' title='bbox 2627 1927 2736 1984; x_wconf 90' lang='lat' dir='ltr'><strong>Deo</strong></span> <span class='ocrx_word' id='word_1_666' title='bbox 2768 1942 2825 1984; x_wconf 89' lang='lat' dir='ltr'><strong>ut</strong></span> <span class='ocrx_word' id='word_1_667' title='bbox 2856 1950 2974 1988; x_wconf 90' lang='lat' dir='ltr'><strong>suas</strong></span> <span class='ocrx_word' id='word_1_668' title='bbox 3004 1936 3370 2004; x_wconf 86' lang='lat' dir='ltr'><strong>promissiones</strong></span> <span class='ocrx_word' id='word_1_669' title='bbox 3399 1937 3642 2003; x_wconf 75' lang='lat' dir='ltr'><strong>impleat;</strong></span> 
     </span>
    </p>
   </div>
   <div class='ocr_carea' id='block_1_79' title="bbox 2054 2011 3639 2091">
    <p class='ocr_par' dir='ltr' id='par_1_79' title="bbox 2054 2011 3639 2091">
     <span class='ocr_line' id='line_1_80' title="bbox 2054 2011 3639 2091; baseline 0.012 -27"><span class='ocrx_word' id='word_1_670' title='bbox 2054 2011 2261 2067; x_wconf 89' lang='lat' dir='ltr'><strong>luctatio</strong></span> <span class='ocrx_word' id='word_1_671' title='bbox 2280 2013 2458 2070; x_wconf 79' lang='lat' dir='ltr'><strong>Jacobi</strong></span> <span class='ocrx_word' id='word_1_672' title='bbox 2493 2034 2607 2073; x_wconf 91' lang='lat' dir='ltr'><strong>cum</strong></span> <span class='ocrx_word' id='word_1_673' title='bbox 2634 2022 2812 2091; x_wconf 87' lang='lat' dir='ltr'><strong>angelo</strong></span> <span class='ocrx_word' id='word_1_674' title='bbox 2834 2039 2853 2086; x_wconf 91' lang='lat'><strong><em>;</em></strong></span> <span class='ocrx_word' id='word_1_675' title='bbox 2876 2027 3082 2079; x_wconf 89' lang='lat' dir='ltr'><strong>mutatio</strong></span> <span class='ocrx_word' id='word_1_676' title='bbox 3120 2028 3350 2081; x_wconf 86' lang='lat' dir='ltr'><strong>nominis</strong></span> <span class='ocrx_word' id='word_1_677' title='bbox 3369 2030 3425 2081; x_wconf 87' lang='lat' dir='ltr'><strong>in</strong></span> <span class='ocrx_word' id='word_1_678' title='bbox 3449 2028 3639 2091; x_wconf 76' lang='lat' dir='ltr'><strong>Israel;</strong></span> 
     </span>
    </p>
   </div>
   <div class='ocr_carea' id='block_1_80' title="bbox 2054 2108 3639 2189">
    <p class='ocr_par' dir='ltr' id='par_1_80' title="bbox 2054 2108 3639 2189">
     <span class='ocr_line' id='line_1_81' title="bbox 2054 2108 3639 2189; baseline 0.011 -30"><span class='ocrx_word' id='word_1_679' title='bbox 2054 2122 2145 2159; x_wconf 90' lang='lat' dir='ltr'><strong>cur</strong></span> <span class='ocrx_word' id='word_1_680' title='bbox 2172 2108 2395 2163; x_wconf 85' lang='lat' dir='ltr'><strong>humana</strong></span> <span class='ocrx_word' id='word_1_681' title='bbox 2419 2112 2585 2182; x_wconf 87' lang='lat' dir='ltr'><strong>figura</strong></span> <span class='ocrx_word' id='word_1_682' title='bbox 2608 2127 2886 2184; x_wconf 83' lang='lat' dir='ltr'><strong>appareant</strong></span> <span class='ocrx_word' id='word_1_683' title='bbox 2919 2118 3106 2189; x_wconf 84' lang='lat' dir='ltr'><strong>angeli.</strong></span> <span class='ocrx_word' id='word_1_684' title='bbox 3132 2150 3205 2159; x_wconf 94' lang='lat'><strong>â€”</strong></span> <span class='ocrx_word' id='word_1_685' title='bbox 3234 2121 3380 2175; x_wconf 81' lang='lat' dir='ltr'><strong>Vide</strong></span> <span class='ocrx_word' id='word_1_686' title='bbox 3406 2122 3539 2189; x_wconf 88' lang='lat' dir='ltr'><strong>justi</strong></span> <span class='ocrx_word' id='word_1_687' title='bbox 3565 2139 3639 2177; x_wconf 75' lang='lat' dir='ltr'><strong>rc-</strong></span> 
     </span>
    </p>
   </div>
   <div class='ocr_carea' id='block_1_81' title="bbox 2055 2195 3639 2282">
    <p class='ocr_par' dir='ltr' id='par_1_81' title="bbox 2055 2195 3639 2282">
     <span class='ocr_line' id='line_1_82' title="bbox 2055 2195 3639 2282; baseline 0.012 -33"><span class='ocrx_word' id='word_1_688' title='bbox 2055 2195 2299 2267; x_wconf 82' lang='lat' dir='ltr'><strong>ligiosum</strong></span> <span class='ocrx_word' id='word_1_689' title='bbox 2320 2201 2575 2268; x_wconf 91' lang='lat' dir='ltr'><strong>animum,</strong></span> <span class='ocrx_word' id='word_1_690' title='bbox 2594 2214 2650 2259; x_wconf 91' lang='lat' dir='ltr'><strong>et</strong></span> <span class='ocrx_word' id='word_1_691' title='bbox 2674 2208 2894 2274; x_wconf 90' lang='lat' dir='ltr'><strong>probum</strong></span> <span class='ocrx_word' id='word_1_692' title='bbox 2921 2209 3164 2265; x_wconf 83' lang='lat' dir='ltr'><strong>atlâ€˜ectum</strong></span> <span class='ocrx_word' id='word_1_693' title='bbox 3195 2230 3210 2265; x_wconf 86' lang='lat'><strong>:</strong></span> <span class='ocrx_word' id='word_1_694' title='bbox 3242 2212 3639 2282; x_wconf 77' lang='lat' dir='ltr'><strong>quomodonoa</strong></span> 
     </span>
    </p>
   </div>
   <div class='ocr_carea' id='block_1_82' title="bbox 2054 2289 3639 2375">
    <p class='ocr_par' dir='ltr' id='par_1_82' title="bbox 2054 2289 3639 2375">
     <span class='ocr_line' id='line_1_83' title="bbox 2054 2289 3639 2375; baseline 0.011 -33"><span class='ocrx_word' id='word_1_695' title='bbox 2054 2289 2196 2345; x_wconf 89' lang='lat' dir='ltr'><strong>aliud</strong></span> <span class='ocrx_word' id='word_1_696' title='bbox 2227 2292 2506 2348; x_wconf 89' lang='lat' dir='ltr'><strong>Dominum</strong></span> <span class='ocrx_word' id='word_1_697' title='bbox 2537 2308 2800 2365; x_wconf 87' lang='lat' dir='ltr'><strong>precatur,</strong></span> <span class='ocrx_word' id='word_1_698' title='bbox 2837 2317 2993 2371; x_wconf 88' lang='lat' dir='ltr'><strong>quam</strong></span> <span class='ocrx_word' id='word_1_699' title='bbox 3020 2312 3079 2357; x_wconf 94' lang='lat' dir='ltr'><strong>ut</strong></span> <span class='ocrx_word' id='word_1_700' title='bbox 3103 2318 3230 2358; x_wconf 90' lang='lat' dir='ltr'><strong>suas</strong></span> <span class='ocrx_word' id='word_1_701' title='bbox 3251 2307 3639 2375; x_wconf 77' lang='lat' dir='ltr'><strong>promissiones</strong></span> 
     </span>
    </p>
   </div>
   <div class='ocr_carea' id='block_1_83' title="bbox 2054 2381 3637 2464">
    <p class='ocr_par' dir='ltr' id='par_1_83' title="bbox 2054 2381 3637 2464">
     <span class='ocr_line' id='line_1_84' title="bbox 2054 2381 3637 2464; baseline 0.01 -29"><span class='ocrx_word' id='word_1_702' title='bbox 2054 2381 2360 2452; x_wconf 86' lang='lat' dir='ltr'><strong>aditnpleat.</strong></span> <span class='ocrx_word' id='word_1_703' title='bbox 2378 2385 2444 2440; x_wconf 89' lang='lat' dir='ltr'><strong>Et</strong></span> <span class='ocrx_word' id='word_1_704' title='bbox 2463 2386 2529 2441; x_wconf 91' lang='lat' dir='ltr'><strong>dc</strong></span> <span class='ocrx_word' id='word_1_705' title='bbox 2554 2389 2818 2457; x_wconf 88' lang='lat' dir='ltr'><strong>prioribus</strong></span> <span class='ocrx_word' id='word_1_706' title='bbox 2834 2393 3066 2447; x_wconf 79' lang='lat' dir='ltr'><strong>exhibita</strong></span> <span class='ocrx_word' id='word_1_707' title='bbox 3090 2396 3393 2464; x_wconf 83' lang='lat' dir='ltr'><strong>gratiarum</strong></span> <span class='ocrx_word' id='word_1_708' title='bbox 3416 2398 3637 2458; x_wconf 66' lang='lat' dir='ltr'><strong>actione,</strong></span> 
     </span>
    </p>
   </div>
   <div class='ocr_carea' id='block_1_84' title="bbox 2053 2475 3639 2546">
    <p class='ocr_par' dir='ltr' id='par_1_84' title="bbox 2053 2475 3639 2546">
     <span class='ocr_line' id='line_1_85' title="bbox 2053 2475 3639 2546; baseline 0.008 -18"><span class='ocrx_word' id='word_1_709' title='bbox 2053 2475 2430 2546; x_wconf 88' lang='lat' dir='ltr'><strong>confessusque</strong></span> <span class='ocrx_word' id='word_1_710' title='bbox 2465 2495 2522 2534; x_wconf 90' lang='lat' dir='ltr'><strong>se</strong></span> <span class='ocrx_word' id='word_1_711' title='bbox 2544 2480 2742 2537; x_wconf 89' lang='lat' dir='ltr'><strong>nudum</strong></span> <span class='ocrx_word' id='word_1_712' title='bbox 2774 2492 2827 2538; x_wconf 93' lang='lat' dir='ltr'><strong>et</strong></span> <span class='ocrx_word' id='word_1_713' title='bbox 2847 2485 3091 2540; x_wconf 86' lang='lat' dir='ltr'><strong>omnibus</strong></span> <span class='ocrx_word' id='word_1_714' title='bbox 3110 2486 3443 2542; x_wconf 87' lang='lat' dir='ltr'><strong>destitutum</strong></span> <span class='ocrx_word' id='word_1_715' title='bbox 3469 2489 3522 2543; x_wconf 86' lang='lat' dir='ltr'><strong>in</strong></span> <span class='ocrx_word' id='word_1_716' title='bbox 3545 2499 3639 2541; x_wconf 74' lang='lat' dir='ltr'><strong>tan-</strong></span> 
     </span>
    </p>
   </div>
   <div class='ocr_carea' id='block_1_85' title="bbox 2054 2569 3639 2648">
    <p class='ocr_par' dir='ltr' id='par_1_85' title="bbox 2054 2569 3639 2648">
     <span class='ocr_line' id='line_1_86' title="bbox 2054 2569 3639 2648; baseline 0.008 -30"><span class='ocrx_word' id='word_1_717' title='bbox 2054 2573 2161 2619; x_wconf 89' lang='lat' dir='ltr'><strong>tam</strong></span> <span class='ocrx_word' id='word_1_718' title='bbox 2194 2569 2498 2635; x_wconf 82' lang='lat' dir='ltr'><strong>pervenisse</strong></span> <span class='ocrx_word' id='word_1_719' title='bbox 2526 2571 3200 2646; x_wconf 88' lang='lat' dir='ltr'><strong>abundantiam,supplicat</strong></span> <span class='ocrx_word' id='word_1_720' title='bbox 3227 2588 3288 2631; x_wconf 90' lang='lat' dir='ltr'><strong>ut</strong></span> <span class='ocrx_word' id='word_1_721' title='bbox 3312 2578 3383 2633; x_wconf 91' lang='lat' dir='ltr'><strong>de</strong></span> <span class='ocrx_word' id='word_1_722' title='bbox 3409 2581 3639 2648; x_wconf 77' lang='lat' dir='ltr'><strong>periculo</strong></span> 
     </span>
    </p>
   </div>
   <div class='ocr_carea' id='block_1_86' title="bbox 2054 2658 3639 2738">
    <p class='ocr_par' dir='ltr' id='par_1_86' title="bbox 2054 2658 3639 2738">
     <span class='ocr_line' id='line_1_87' title="bbox 2054 2658 3639 2738; baseline 0.008 -26"><span class='ocrx_word' id='word_1_723' title='bbox 2054 2672 2114 2712; x_wconf 91' lang='lat' dir='ltr'><strong>se</strong></span> <span class='ocrx_word' id='word_1_724' title='bbox 2158 2658 2366 2715; x_wconf 87' lang='lat' dir='ltr'><strong>liberet.</strong></span> <span class='ocrx_word' id='word_1_725' title='bbox 2416 2660 2600 2717; x_wconf 72' lang='lat' dir='ltr'><strong>Dixisti</strong></span> <span class='ocrx_word' id='word_1_726' title='bbox 2640 2667 2804 2729; x_wconf 90' lang='lat' dir='ltr'><strong>enim,</strong></span> <span class='ocrx_word' id='word_1_727' title='bbox 2834 2667 3023 2738; x_wconf 89' lang='lat' dir='ltr'><strong>inquit,</strong></span> <span class='ocrx_word' id='word_1_728' title='bbox 3054 2668 3255 2723; x_wconf 88' lang='lat' dir='ltr'><strong>Ponam</strong></span> <span class='ocrx_word' id='word_1_729' title='bbox 3304 2688 3490 2724; x_wconf 82' lang='lat' dir='ltr'><strong>semen</strong></span> <span class='ocrx_word' id='word_1_730' title='bbox 3516 2682 3639 2724; x_wconf 70' lang='lat' dir='ltr'><strong>tm</strong></span> 
     </span>
    </p>
   </div>
   <div class='ocr_carea' id='block_1_87' title="bbox 2052 2748 3640 2829">
    <p class='ocr_par' dir='ltr' id='par_1_87' title="bbox 2052 2748 3640 2829">
     <span class='ocr_line' id='line_1_88' title="bbox 2052 2748 3640 2829; baseline 0.01 -30"><span class='ocrx_word' id='word_1_731' title='bbox 2052 2748 2183 2800; x_wconf 83' lang='lat' dir='ltr'><strong>sicut</strong></span> <span class='ocrx_word' id='word_1_732' title='bbox 2205 2766 2410 2804; x_wconf 87' lang='lat' dir='ltr'><strong>arenam</strong></span> <span class='ocrx_word' id='word_1_733' title='bbox 2439 2753 2614 2819; x_wconf 89' lang='lat' dir='ltr'><strong>maris,</strong></span> <span class='ocrx_word' id='word_1_734' title='bbox 2641 2770 2755 2825; x_wconf 66' lang='lat' dir='ltr'><strong>quin</strong></span> <span class='ocrx_word' id='word_1_735' title='bbox 2777 2756 3086 2812; x_wconf 81' lang='lat' dir='ltr'><strong>dinumerari</strong></span> <span class='ocrx_word' id='word_1_736' title='bbox 3106 2760 3297 2827; x_wconf 78' lang='lat' dir='ltr'><strong>nequit.</strong></span> <span class='ocrx_word' id='word_1_737' title='bbox 3320 2760 3471 2814; x_wconf 90' lang='lat' dir='ltr'><strong>Cum</strong></span> <span class='ocrx_word' id='word_1_738' title='bbox 3497 2762 3640 2829; x_wconf 74' lang='lat' dir='ltr'><strong>igitur</strong></span> 
     </span>
    </p>
   </div>
   <div class='ocr_carea' id='block_1_88' title="bbox 2055 2840 3637 2921">
    <p class='ocr_par' dir='ltr' id='par_1_88' title="bbox 2055 2840 3637 2921">
     <span class='ocr_line' id='line_1_89' title="bbox 2055 2840 3637 2921; baseline 0.008 -29"><span class='ocrx_word' id='word_1_739' title='bbox 2055 2840 2348 2903; x_wconf 83' lang='lat' dir='ltr'><strong>orationem</strong></span> <span class='ocrx_word' id='word_1_740' title='bbox 2378 2857 2526 2897; x_wconf 89' lang='lat' dir='ltr'><strong>suam</strong></span> <span class='ocrx_word' id='word_1_741' title='bbox 2550 2845 2616 2899; x_wconf 88' lang='lat' dir='ltr'><strong>ad</strong></span> <span class='ocrx_word' id='word_1_742' title='bbox 2647 2846 2814 2901; x_wconf 90' lang='lat' dir='ltr'><strong>Deum</strong></span> <span class='ocrx_word' id='word_1_743' title='bbox 2838 2847 3071 2917; x_wconf 87' lang='lat' dir='ltr'><strong>fecisset,</strong></span> <span class='ocrx_word' id='word_1_744' title='bbox 3103 2860 3155 2905; x_wconf 91' lang='lat' dir='ltr'><strong>et</strong></span> <span class='ocrx_word' id='word_1_745' title='bbox 3185 2853 3637 2921; x_wconf 66' lang='lat' dir='ltr'><strong>supplimtinnem</strong></span> 
     </span>
    </p>
   </div>
   <div class='ocr_carea' id='block_1_89' title="bbox 2053 2933 3643 3013">
    <p class='ocr_par' dir='ltr' id='par_1_89' title="bbox 2053 2933 3643 3013">
     <span class='ocr_line' id='line_1_90' title="bbox 2053 2933 3643 3013; baseline 0.009 -29"><span class='ocrx_word' id='word_1_746' title='bbox 2053 2946 2266 3000; x_wconf 86' lang='lat' dir='ltr'><strong>precum</strong></span> <span class='ocrx_word' id='word_1_747' title='bbox 2298 2933 2595 3002; x_wconf 89' lang='lat' dir='ltr'><strong>obtulisset,</strong></span> <span class='ocrx_word' id='word_1_748' title='bbox 2618 2936 2739 2991; x_wconf 91' lang='lat' dir='ltr'><strong>facit</strong></span> <span class='ocrx_word' id='word_1_749' title='bbox 2764 2947 2819 2993; x_wconf 91' lang='lat' dir='ltr'><strong>et</strong></span> <span class='ocrx_word' id='word_1_750' title='bbox 2846 2955 2997 2993; x_wconf 90' lang='lat' dir='ltr'><strong>suum</strong></span> <span class='ocrx_word' id='word_1_751' title='bbox 3016 2941 3271 2996; x_wconf 74' lang='lat' dir='ltr'><strong>cilicium.</strong></span> <span class='ocrx_word' id='word_1_752' title='bbox 3313 2944 3381 2997; x_wconf 82' lang='lat' dir='ltr'><strong>Et</strong></span> <span class='ocrx_word' id='word_1_753' title='bbox 3409 2947 3643 3013; x_wconf 78' lang='lat' dir='ltr'><strong>acceptis</strong></span> 
     </span>
    </p>
   </div>
   <div class='ocr_carea' id='block_1_90' title="bbox 2050 3027 3639 3103">
    <p class='ocr_par' dir='ltr' id='par_1_90' title="bbox 2050 3027 3639 3103">
     <span class='ocr_line' id='line_1_91' title="bbox 2050 3027 3639 3103; baseline 0.009 -25"><span class='ocrx_word' id='word_1_754' title='bbox 2050 3027 2381 3090; x_wconf 89' lang='lat' dir='ltr'><strong>muneribus,</strong></span> <span class='ocrx_word' id='word_1_755' title='bbox 2421 3029 2610 3100; x_wconf 91' lang='lat' dir='ltr'><strong>inquit,</strong></span> <span class='ocrx_word' id='word_1_756' title='bbox 2642 3048 2705 3087; x_wconf 79' lang='lat' dir='ltr'><strong>ex</strong></span> <span class='ocrx_word' id='word_1_757' title='bbox 2744 3032 2807 3086; x_wconf 89' lang='lat' dir='ltr'><strong>iis</strong></span> <span class='ocrx_word' id='word_1_758' title='bbox 2835 3050 2954 3102; x_wconf 75' lang='lat' dir='ltr'><strong>qua:</strong></span> <span class='ocrx_word' id='word_1_759' title='bbox 2979 3035 3254 3101; x_wconf 79' lang='lat' dir='ltr'><strong>atl&#39;ercbat,</strong></span> <span class='ocrx_word' id='word_1_760' title='bbox 3282 3039 3443 3091; x_wconf 82' lang='lat' dir='ltr'><strong>misit</strong></span> <span class='ocrx_word' id='word_1_761' title='bbox 3473 3038 3639 3103; x_wconf 80' lang='lat' dir='ltr'><strong>fratri,</strong></span> 
     </span>
    </p>
   </div>
   <div class='ocr_carea' id='block_1_91' title="bbox 2047 3126 3639 3194">
    <p class='ocr_par' dir='ltr' id='par_1_91' title="bbox 2047 3126 3639 3194">
     <span class='ocr_line' id='line_1_92' title="bbox 2047 3126 3639 3194; baseline 0.014 -22"><span class='ocrx_word' id='word_1_762' title='bbox 2047 3132 2167 3172; x_wconf 92' lang='lat' dir='ltr'><strong>cum</strong></span> <span class='ocrx_word' id='word_1_763' title='bbox 2185 3132 2514 3191; x_wconf 81' lang='lat' dir='ltr'><strong>segregasset</strong></span> <span class='ocrx_word' id='word_1_764' title='bbox 2530 3140 2647 3194; x_wconf 85' lang='lat' dir='ltr'><strong>quae</strong></span> <span class='ocrx_word' id='word_1_765' title='bbox 2664 3126 3018 3191; x_wconf 82' lang='lat' dir='ltr'><strong>mitterentur,</strong></span> <span class='ocrx_word' id='word_1_766' title='bbox 3037 3139 3088 3182; x_wconf 84' lang='lat' dir='ltr'><strong>et</strong></span> <span class='ocrx_word' id='word_1_767' title='bbox 3105 3130 3362 3185; x_wconf 87' lang='lat' dir='ltr'><strong>mandata</strong></span> <span class='ocrx_word' id='word_1_768' title='bbox 3382 3133 3639 3193; x_wconf 78' lang='lat' dir='ltr'><strong>dedisset.</strong></span> 
     </span>
    </p>
   </div>
   <div class='ocr_carea' id='block_1_92' title="bbox 2048 3210 3639 3287">
    <p class='ocr_par' dir='ltr' id='par_1_92' title="bbox 2048 3210 3639 3287">
     <span class='ocr_line' id='line_1_93' title="bbox 2048 3210 3639 3287; baseline 0.008 -23"><span class='ocrx_word' id='word_1_769' title='bbox 2048 3210 2117 3264; x_wconf 91' lang='lat' dir='ltr'><strong>ita</strong></span> <span class='ocrx_word' id='word_1_770' title='bbox 2158 3221 2213 3266; x_wconf 92' lang='lat' dir='ltr'><strong>ut</strong></span> <span class='ocrx_word' id='word_1_771' title='bbox 2262 3213 2566 3283; x_wconf 88' lang='lat' dir='ltr'><strong>placaretur</strong></span> <span class='ocrx_word' id='word_1_772' title='bbox 2589 3218 2746 3271; x_wconf 91' lang='lat' dir='ltr'><strong>etiam</strong></span> <span class='ocrx_word' id='word_1_773' title='bbox 2792 3233 2888 3286; x_wconf 89' lang='lat' dir='ltr'><strong>per</strong></span> <span class='ocrx_word' id='word_1_774' title='bbox 2916 3220 3072 3274; x_wconf 88' lang='lat' dir='ltr'><strong>verba</strong></span> <span class='ocrx_word' id='word_1_775' title='bbox 3103 3221 3320 3275; x_wconf 89' lang='lat' dir='ltr'><strong>animus</strong></span> <span class='ocrx_word' id='word_1_776' title='bbox 3351 3223 3567 3287; x_wconf 85' lang='lat' dir='ltr'><strong>fratris,</strong></span> <span class='ocrx_word' id='word_1_777' title='bbox 3598 3237 3639 3277; x_wconf 62' lang='lat' dir='ltr'><strong>et</strong></span> 
     </span>
    </p>
   </div>
   <div class='ocr_carea' id='block_1_93' title="bbox 2046 3306 3641 3383">
    <p class='ocr_par' dir='ltr' id='par_1_93' title="bbox 2046 3306 3641 3383">
     <span class='ocr_line' id='line_1_94' title="bbox 2046 3306 3641 3383; baseline 0.009 -28"><span class='ocrx_word' id='word_1_778' title='bbox 2046 3316 2175 3357; x_wconf 88' lang='lat' dir='ltr'><strong>suus</strong></span> <span class='ocrx_word' id='word_1_779' title='bbox 2208 3306 2541 3361; x_wconf 90' lang='lat' dir='ltr'><strong>nuntiaretur</strong></span> <span class='ocrx_word' id='word_1_780' title='bbox 2579 3308 2838 3364; x_wconf 91' lang='lat' dir='ltr'><strong>adventus</strong></span> <span class='ocrx_word' id='word_1_781' title='bbox 2871 3311 2940 3379; x_wconf 81' lang='grc' dir='ltr'><strong>(Ï….</strong></span> <span class='ocrx_word' id='word_1_782' title='bbox 2985 3313 3071 3367; x_wconf 80' lang='grc'><strong>15.</strong></span> <span class='ocrx_word' id='word_1_783' title='bbox 3102 3341 3131 3354; x_wconf 87' lang='lat'><strong>-</strong></span> <span class='ocrx_word' id='word_1_784' title='bbox 3159 3313 3275 3383; x_wconf 86' lang='grc'><strong>19).</strong></span> <span class='ocrx_word' id='word_1_785' title='bbox 3323 3314 3427 3370; x_wconf 72' lang='lat'><strong>20.</strong></span> <span class='ocrx_word' id='word_1_786' title='bbox 3482 3315 3641 3369; x_wconf 68' lang='lat' dir='ltr'><strong>Dicite</strong></span> 
     </span>
    </p>
   </div>
   <div class='ocr_carea' id='block_1_94' title="bbox 2045 3394 3636 3476">
    <p class='ocr_par' dir='ltr' id='par_1_94' title="bbox 2045 3394 3636 3476">
     <span class='ocr_line' id='line_1_95' title="bbox 2045 3394 3636 3476; baseline 0.009 -30"><span class='ocrx_word' id='word_1_787' title='bbox 2045 3394 2210 3460; x_wconf 89' lang='lat' dir='ltr'><strong>enim,</strong></span> <span class='ocrx_word' id='word_1_788' title='bbox 2238 3396 2425 3465; x_wconf 89' lang='lat' dir='ltr'><strong>inquit,</strong></span> <span class='ocrx_word' id='word_1_789' title='bbox 2458 3397 2590 3453; x_wconf 86' lang='lat' dir='ltr'><strong>Ecce</strong></span> <span class='ocrx_word' id='word_1_790' title='bbox 2614 3417 2737 3468; x_wconf 86' lang='lat' dir='ltr'><strong>puer</strong></span> <span class='ocrx_word' id='word_1_791' title='bbox 2765 3410 2881 3456; x_wconf 90' lang='lat' dir='ltr'><strong>tuus</strong></span> <span class='ocrx_word' id='word_1_792' title='bbox 2911 3402 3109 3457; x_wconf 86' lang='lat' dir='ltr'><strong>advenit</strong></span> <span class='ocrx_word' id='word_1_793' title='bbox 3135 3415 3246 3473; x_wconf 91' lang='lat' dir='ltr'><strong>post</strong></span> <span class='ocrx_word' id='word_1_794' title='bbox 3276 3423 3377 3460; x_wconf 86' lang='lat' dir='ltr'><strong>nos</strong></span> <span class='ocrx_word' id='word_1_795' title='bbox 3401 3422 3427 3468; x_wconf 89' lang='lat'><strong><em>;</em></strong></span> <span class='ocrx_word' id='word_1_796' title='bbox 3457 3421 3516 3460; x_wconf 89' lang='lat' dir='ltr'><strong>ut</strong></span> <span class='ocrx_word' id='word_1_797' title='bbox 3544 3410 3636 3476; x_wconf 79' lang='lat' dir='ltr'><strong>pri-</strong></span> 
     </span>
    </p>
   </div>
   <div class='ocr_carea' id='block_1_95' title="bbox 2046 3486 3643 3565">
    <p class='ocr_par' dir='ltr' id='par_1_95' title="bbox 2046 3486 3643 3565">
     <span class='ocr_line' id='line_1_96' title="bbox 2046 3486 3643 3565; baseline 0.009 -29"><span class='ocrx_word' id='word_1_798' title='bbox 2046 3499 2188 3538; x_wconf 78' lang='lat' dir='ltr'><strong>rnum</strong></span> <span class='ocrx_word' id='word_1_799' title='bbox 2207 3486 2516 3542; x_wconf 90' lang='lat' dir='ltr'><strong>redderetur</strong></span> <span class='ocrx_word' id='word_1_800' title='bbox 2535 3490 2754 3554; x_wconf 88' lang='lat' dir='ltr'><strong>amicus,</strong></span> <span class='ocrx_word' id='word_1_801' title='bbox 2788 3502 2841 3546; x_wconf 89' lang='lat' dir='ltr'><strong>et</strong></span> <span class='ocrx_word' id='word_1_802' title='bbox 2858 3502 2983 3548; x_wconf 90' lang='lat' dir='ltr'><strong>tunc</strong></span> <span class='ocrx_word' id='word_1_803' title='bbox 3003 3494 3054 3547; x_wconf 91' lang='lat' dir='ltr'><strong>in</strong></span> <span class='ocrx_word' id='word_1_804' title='bbox 3080 3493 3269 3549; x_wconf 79' lang='lat' dir='ltr'><strong>faciem</strong></span> <span class='ocrx_word' id='word_1_805' title='bbox 3295 3498 3430 3565; x_wconf 84' lang='lat' dir='ltr'><strong>ejus</strong></span> <span class='ocrx_word' id='word_1_806' title='bbox 3455 3514 3643 3554; x_wconf 80' lang='lat' dir='ltr'><strong>occur-</strong></span> 
     </span>
    </p>
   </div>
   <div class='ocr_carea' id='block_1_96' title="bbox 2044 3576 3641 3659">
    <p class='ocr_par' dir='ltr' id='par_1_96' title="bbox 2044 3576 3641 3659">
     <span class='ocr_line' id='line_1_97' title="bbox 2044 3576 3641 3659; baseline 0.009 -30"><span class='ocrx_word' id='word_1_807' title='bbox 2044 3584 2207 3631; x_wconf 85' lang='lat' dir='ltr'><strong>reret.</strong></span> <span class='ocrx_word' id='word_1_808' title='bbox 2232 3576 2458 3632; x_wconf 82' lang='lat' dir='ltr'><strong>Posthac</strong></span> <span class='ocrx_word' id='word_1_809' title='bbox 2492 3582 2645 3646; x_wconf 87' lang='lat' dir='ltr'><strong>enim,</strong></span> <span class='ocrx_word' id='word_1_810' title='bbox 2681 3582 2872 3652; x_wconf 89' lang='lat' dir='ltr'><strong>inquit,</strong></span> <span class='ocrx_word' id='word_1_811' title='bbox 2908 3584 3081 3639; x_wconf 87' lang='lat' dir='ltr'><strong>videbo</strong></span> <span class='ocrx_word' id='word_1_812' title='bbox 3102 3586 3287 3655; x_wconf 78' lang='lat' dir='ltr'><strong>faciem</strong></span> <span class='ocrx_word' id='word_1_813' title='bbox 3320 3590 3449 3657; x_wconf 82' lang='lat' dir='ltr'><strong>ejus</strong></span> <span class='ocrx_word' id='word_1_814' title='bbox 3477 3607 3498 3643; x_wconf 87' lang='lat'><strong><em>:</em></strong></span> <span class='ocrx_word' id='word_1_815' title='bbox 3524 3592 3641 3659; x_wconf 79' lang='lat' dir='ltr'><strong>forte</strong></span> 
     </span>
    </p>
   </div>
   <div class='ocr_carea' id='block_1_97' title="bbox 2044 3669 3641 3744">
    <p class='ocr_par' dir='ltr' id='par_1_97' title="bbox 2044 3669 3641 3744">
     <span class='ocr_line' id='line_1_98' title="bbox 2044 3669 3641 3744; baseline 0.009 -24"><span class='ocrx_word' id='word_1_816' title='bbox 2044 3669 2176 3721; x_wconf 86' lang='lat' dir='ltr'><strong>enim</strong></span> <span class='ocrx_word' id='word_1_817' title='bbox 2211 3680 2418 3740; x_wconf 81' lang='lat' dir='ltr'><strong>accepta</strong></span> <span class='ocrx_word' id='word_1_818' title='bbox 2456 3672 2550 3724; x_wconf 90' lang='lat' dir='ltr'><strong>erit</strong></span> <span class='ocrx_word' id='word_1_819' title='bbox 2592 3674 2637 3726; x_wconf 90' lang='lat' dir='ltr'><strong>ei</strong></span> <span class='ocrx_word' id='word_1_820' title='bbox 2674 3675 2830 3744; x_wconf 79' lang='lat' dir='ltr'><strong>facies</strong></span> <span class='ocrx_word' id='word_1_821' title='bbox 2868 3692 2997 3730; x_wconf 85' lang='lat' dir='ltr'><strong>mea.</strong></span> <span class='ocrx_word' id='word_1_822' title='bbox 3035 3676 3124 3732; x_wconf 78' lang='lat'><strong>2|.</strong></span> <span class='ocrx_word' id='word_1_823' title='bbox 3159 3678 3224 3732; x_wconf 83' lang='lat' dir='ltr'><strong>Et</strong></span> <span class='ocrx_word' id='word_1_824' title='bbox 3264 3682 3641 3736; x_wconf 69' lang='lat' dir='ltr'><strong>antecedebant</strong></span> 
     </span>
    </p>
   </div>
   <div class='ocr_carea' id='block_1_98' title="bbox 2044 3758 3639 3836">
    <p class='ocr_par' dir='ltr' id='par_1_98' title="bbox 2044 3758 3639 3836">
     <span class='ocr_line' id='line_1_99' title="bbox 2044 3758 3639 3836; baseline 0.01 -25"><span class='ocrx_word' id='word_1_825' title='bbox 2044 3758 2178 3812; x_wconf 89' lang='lat' dir='ltr'><strong>dona</strong></span> <span class='ocrx_word' id='word_1_826' title='bbox 2218 3761 2492 3815; x_wconf 85' lang='lat' dir='ltr'><strong>secundum</strong></span> <span class='ocrx_word' id='word_1_827' title='bbox 2536 3763 2716 3833; x_wconf 80' lang='lat' dir='ltr'><strong>faciem</strong></span> <span class='ocrx_word' id='word_1_828' title='bbox 2755 3767 2884 3836; x_wconf 86' lang='lat' dir='ltr'><strong>ejus.</strong></span> <span class='ocrx_word' id='word_1_829' title='bbox 2930 3767 3124 3822; x_wconf 83' lang='lat' dir='ltr'><strong>Verum</strong></span> <span class='ocrx_word' id='word_1_830' title='bbox 3174 3770 3323 3835; x_wconf 83' lang='lat' dir='ltr'><strong>vide,</strong></span> <span class='ocrx_word' id='word_1_831' title='bbox 3382 3773 3639 3836; x_wconf 75' lang='lat' dir='ltr'><strong>obsecro,</strong></span> 
     </span>
    </p>
   </div>
   <div class='ocr_carea' id='block_1_99' title="bbox 2042 3851 3639 3932">
    <p class='ocr_par' dir='ltr' id='par_1_99' title="bbox 2042 3851 3639 3932">
     <span class='ocr_line' id='line_1_100' title="bbox 2042 3851 3639 3932; baseline 0.009 -27"><span class='ocrx_word' id='word_1_832' title='bbox 2042 3851 2361 3906; x_wconf 76' lang='lat' dir='ltr'><strong>ineffabilem</strong></span> <span class='ocrx_word' id='word_1_833' title='bbox 2392 3852 2485 3907; x_wconf 90' lang='lat' dir='ltr'><strong>Dei</strong></span> <span class='ocrx_word' id='word_1_834' title='bbox 2507 3854 2864 3921; x_wconf 88' lang='lat' dir='ltr'><strong>clementiam,</strong></span> <span class='ocrx_word' id='word_1_835' title='bbox 2895 3866 2948 3912; x_wconf 88' lang='lat' dir='ltr'><strong>et</strong></span> <span class='ocrx_word' id='word_1_836' title='bbox 2969 3860 3234 3929; x_wconf 90' lang='lat' dir='ltr'><strong>quomodo</strong></span> <span class='ocrx_word' id='word_1_837' title='bbox 3252 3876 3499 3932; x_wconf 85' lang='lat' dir='ltr'><strong>semper</strong></span> <span class='ocrx_word' id='word_1_838' title='bbox 3518 3882 3639 3919; x_wconf 83' lang='lat' dir='ltr'><strong>con-</strong></span> 
     </span>
    </p>
   </div>
   <div class='ocr_carea' id='block_1_100' title="bbox 2040 3946 3635 4017">
    <p class='ocr_par' dir='ltr' id='par_1_100' title="bbox 2040 3946 3635 4017">
     <span class='ocr_line' id='line_1_101' title="bbox 2040 3946 3635 4017; baseline 0.01 -22"><span class='ocrx_word' id='word_1_839' title='bbox 2040 3956 2172 4011; x_wconf 87' lang='lat' dir='ltr'><strong>gruo</strong></span> <span class='ocrx_word' id='word_1_840' title='bbox 2188 3951 2293 3999; x_wconf 90' lang='lat' dir='ltr'><strong>tem</strong></span> <span class='ocrx_word' id='word_1_841' title='bbox 2303 3960 2429 4013; x_wconf 89' lang='lat' dir='ltr'><strong>pore</strong></span> <span class='ocrx_word' id='word_1_842' title='bbox 2445 3959 2594 3999; x_wconf 89' lang='lat' dir='ltr'><strong>suam</strong></span> <span class='ocrx_word' id='word_1_843' title='bbox 2612 3946 2844 4001; x_wconf 90' lang='lat' dir='ltr'><strong>declarat</strong></span> <span class='ocrx_word' id='word_1_844' title='bbox 2858 3950 3266 4017; x_wconf 87' lang='lat' dir='ltr'><strong>providentiam.</strong></span> <span class='ocrx_word' id='word_1_845' title='bbox 3284 3952 3437 4009; x_wconf 84' lang='lat' dir='ltr'><strong>Nam</strong></span> <span class='ocrx_word' id='word_1_846' title='bbox 3459 3956 3532 4011; x_wconf 87' lang='lat' dir='ltr'><strong>de</strong></span> <span class='ocrx_word' id='word_1_847' title='bbox 3550 3957 3635 4010; x_wconf 76' lang='lat' dir='ltr'><strong>La-</strong></span> 
     </span>
    </p>
   </div>
   <div class='ocr_carea' id='block_1_101' title="bbox 2041 4033 3635 4113">
    <p class='ocr_par' dir='ltr' id='par_1_101' title="bbox 2041 4033 3635 4113">
     <span class='ocr_line' id='line_1_102' title="bbox 2041 4033 3635 4113; baseline 0.009 -25"><span class='ocrx_word' id='word_1_848' title='bbox 2041 4033 2143 4088; x_wconf 90' lang='lat' dir='ltr'><strong>ban</strong></span> <span class='ocrx_word' id='word_1_849' title='bbox 2161 4034 2372 4103; x_wconf 88' lang='lat' dir='ltr'><strong>quidem</strong></span> <span class='ocrx_word' id='word_1_850' title='bbox 2388 4036 2639 4105; x_wconf 91' lang='lat' dir='ltr'><strong>quoniam</strong></span> <span class='ocrx_word' id='word_1_851' title='bbox 2655 4037 2830 4106; x_wconf 90' lang='lat' dir='ltr'><strong>justus</strong></span> <span class='ocrx_word' id='word_1_852' title='bbox 2844 4040 2973 4094; x_wconf 85' lang='lat' dir='ltr'><strong>nihil</strong></span> <span class='ocrx_word' id='word_1_853' title='bbox 2994 4042 3099 4096; x_wconf 89' lang='lat' dir='ltr'><strong>tale</strong></span> <span class='ocrx_word' id='word_1_854' title='bbox 3113 4044 3536 4113; x_wconf 80' lang='lat' dir='ltr'><strong>suspicabatur,</strong></span> <span class='ocrx_word' id='word_1_855' title='bbox 3557 4064 3635 4102; x_wconf 85' lang='lat' dir='ltr'><strong>ne-</strong></span> 
     </span>
    </p>
   </div>
   <div class='ocr_carea' id='block_1_102' title="bbox 2038 4127 3634 4207">
    <p class='ocr_par' dir='ltr' id='par_1_102' title="bbox 2038 4127 3634 4207">
     <span class='ocr_line' id='line_1_103' title="bbox 2038 4127 3634 4207; baseline 0.01 -28"><span class='ocrx_word' id='word_1_856' title='bbox 2038 4141 2142 4196; x_wconf 90' lang='lat' dir='ltr'><strong>que</strong></span> <span class='ocrx_word' id='word_1_857' title='bbox 2171 4127 2372 4183; x_wconf 89' lang='lat' dir='ltr'><strong>sciebat</strong></span> <span class='ocrx_word' id='word_1_858' title='bbox 2398 4127 2671 4183; x_wconf 91' lang='lat' dir='ltr'><strong>Labanum</strong></span> <span class='ocrx_word' id='word_1_859' title='bbox 2701 4146 2821 4186; x_wconf 90' lang='lat' dir='ltr'><strong>cum</strong></span> <span class='ocrx_word' id='word_1_860' title='bbox 2852 4141 2992 4187; x_wconf 87' lang='lat' dir='ltr'><strong>tanta</strong></span> <span class='ocrx_word' id='word_1_861' title='bbox 3017 4136 3067 4189; x_wconf 90' lang='lat' dir='ltr'><strong>vi</strong></span> <span class='ocrx_word' id='word_1_862' title='bbox 3099 4135 3357 4193; x_wconf 78' lang='lat' dir='ltr'><strong>invadere</strong></span> <span class='ocrx_word' id='word_1_863' title='bbox 3391 4155 3462 4194; x_wconf 83' lang='lat' dir='ltr'><strong>se</strong></span> <span class='ocrx_word' id='word_1_864' title='bbox 3482 4144 3634 4207; x_wconf 78' lang='lat' dir='ltr'><strong>velle,</strong></span> 
     </span>
    </p>
   </div>
   <div class='ocr_carea' id='block_1_103' title="bbox 2039 4217 3630 4293">
    <p class='ocr_par' dir='ltr' id='par_1_103' title="bbox 2039 4217 3630 4293">
     <span class='ocr_line' id='line_1_104' title="bbox 2039 4217 3630 4293; baseline 0.008 -23"><span class='ocrx_word' id='word_1_865' title='bbox 2039 4226 2096 4271; x_wconf 91' lang='lat' dir='ltr'><strong>ut</strong></span> <span class='ocrx_word' id='word_1_866' title='bbox 2118 4217 2255 4271; x_wconf 89' lang='lat' dir='ltr'><strong>clam</strong></span> <span class='ocrx_word' id='word_1_867' title='bbox 2287 4229 2588 4287; x_wconf 85' lang='lat' dir='ltr'><strong>susceptum</strong></span> <span class='ocrx_word' id='word_1_868' title='bbox 2623 4220 2691 4274; x_wconf 91' lang='lat' dir='ltr'><strong>ab</strong></span> <span class='ocrx_word' id='word_1_869' title='bbox 2717 4236 2777 4276; x_wconf 92' lang='lat' dir='ltr'><strong>se</strong></span> <span class='ocrx_word' id='word_1_870' title='bbox 2822 4222 3113 4277; x_wconf 89' lang='lat' dir='ltr'><strong>discessum</strong></span> <span class='ocrx_word' id='word_1_871' title='bbox 3140 4226 3531 4293; x_wconf 70' lang='lat' dir='ltr'><strong>ulcisceretur,</strong></span> <span class='ocrx_word' id='word_1_872' title='bbox 3561 4232 3630 4283; x_wconf 74' lang='lat' dir='ltr'><strong>di.</strong></span> 
     </span>
    </p>
   </div>
   <div class='ocr_carea' id='block_1_104' title="bbox 2036 4312 3630 4391">
    <p class='ocr_par' dir='ltr' id='par_1_104' title="bbox 2036 4312 3630 4391">
     <span class='ocr_line' id='line_1_105' title="bbox 2036 4312 3630 4391; baseline 0.009 -30"><span class='ocrx_word' id='word_1_873' title='bbox 2036 4316 2179 4361; x_wconf 91' lang='lat' dir='ltr'><strong>ctum</strong></span> <span class='ocrx_word' id='word_1_874' title='bbox 2203 4319 2285 4363; x_wconf 91' lang='lat' dir='ltr'><strong>est</strong></span> <span class='ocrx_word' id='word_1_875' title='bbox 2303 4312 2611 4379; x_wconf 87' lang='lat' dir='ltr'><strong>apparuisse</strong></span> <span class='ocrx_word' id='word_1_876' title='bbox 2626 4313 2867 4380; x_wconf 80' lang='lat' dir='ltr'><strong>angelum</strong></span> <span class='ocrx_word' id='word_1_877' title='bbox 2891 4325 3053 4369; x_wconf 81' lang='lat' dir='ltr'><strong>noctu</strong></span> <span class='ocrx_word' id='word_1_878' title='bbox 3077 4316 3315 4379; x_wconf 79' lang='lat' dir='ltr'><strong>Labano,</strong></span> <span class='ocrx_word' id='word_1_879' title='bbox 3336 4332 3395 4373; x_wconf 85' lang='lat' dir='ltr'><strong>et</strong></span> <span class='ocrx_word' id='word_1_880' title='bbox 3428 4338 3630 4391; x_wconf 82' lang='lat' dir='ltr'><strong>repres-</strong></span> 
     </span>
    </p>
   </div>
   <div class='ocr_carea' id='block_1_105' title="bbox 2035 4402 3631 4475">
    <p class='ocr_par' dir='ltr' id='par_1_105' title="bbox 2035 4402 3631 4475">
     <span class='ocr_line' id='line_1_106' title="bbox 2035 4402 3631 4475; baseline 0.006 -20"><span class='ocrx_word' id='word_1_881' title='bbox 2035 4402 2169 4456; x_wconf 87' lang='lat' dir='ltr'><strong>sisse</strong></span> <span class='ocrx_word' id='word_1_882' title='bbox 2215 4402 2331 4470; x_wconf 87' lang='lat' dir='ltr'><strong>ejus</strong></span> <span class='ocrx_word' id='word_1_883' title='bbox 2385 4405 2658 4471; x_wconf 88' lang='lat' dir='ltr'><strong>impetum,</strong></span> <span class='ocrx_word' id='word_1_884' title='bbox 2714 4406 3123 4475; x_wconf 74' lang='lat' dir='ltr'><strong>mandatumque</strong></span> <span class='ocrx_word' id='word_1_885' title='bbox 3162 4410 3388 4467; x_wconf 75' lang='lat' dir='ltr'><strong>dedisse</strong></span> <span class='ocrx_word' id='word_1_886' title='bbox 3438 4432 3509 4467; x_wconf 87' lang='lat' dir='ltr'><strong>ne</strong></span> <span class='ocrx_word' id='word_1_887' title='bbox 3552 4417 3631 4468; x_wconf 66' lang='lat' dir='ltr'><strong>Vel</strong></span> 
     </span>
    </p>
   </div>
   <div class='ocr_carea' id='block_1_106' title="bbox 2034 4495 3628 4566">
    <p class='ocr_par' dir='ltr' id='par_1_106' title="bbox 2034 4495 3628 4566">
     <span class='ocr_line' id='line_1_107' title="bbox 2034 4495 3628 4566; baseline 0.011 -21"><span class='ocrx_word' id='word_1_888' title='bbox 2034 4508 2278 4560; x_wconf 67' lang='lat' dir='ltr'><strong>asperum</strong></span> <span class='ocrx_word' id='word_1_889' title='bbox 2308 4495 2524 4548; x_wconf 87' lang='lat' dir='ltr'><strong>verbum</strong></span> <span class='ocrx_word' id='word_1_890' title='bbox 2554 4496 2856 4565; x_wconf 79' lang='lat' dir='ltr'><strong>loqueretur</strong></span> <span class='ocrx_word' id='word_1_891' title='bbox 2874 4498 3074 4554; x_wconf 80' lang='lat' dir='ltr'><strong>Iacob:</strong></span> <span class='ocrx_word' id='word_1_892' title='bbox 3103 4501 3315 4556; x_wconf 83' lang='lat' dir='ltr'><strong>dicebat</strong></span> <span class='ocrx_word' id='word_1_893' title='bbox 3340 4506 3526 4566; x_wconf 87' lang='lat' dir='ltr'><strong>enim.</strong></span> <span class='ocrx_word' id='word_1_894' title='bbox 3555 4507 3628 4561; x_wconf 70' lang='grc' dir='ltr'><strong>ÎÎ¹</strong></span> 
     </span>
    </p>
   </div>
   <div class='ocr_carea' id='block_1_107' title="bbox 2034 4584 3627 4660">
    <p class='ocr_par' dir='ltr' id='par_1_107' title="bbox 2034 4584 3627 4660">
     <span class='ocr_line' id='line_1_108' title="bbox 2034 4584 3627 4660; baseline 0.009 -24"><span class='ocrx_word' id='word_1_895' title='bbox 2034 4584 2255 4652; x_wconf 82' lang='lat' dir='ltr'><strong>loquaris</strong></span> <span class='ocrx_word' id='word_1_896' title='bbox 2279 4584 2566 4638; x_wconf 79' lang='lat' dir='ltr'><strong>cumIacob</strong></span> <span class='ocrx_word' id='word_1_897' title='bbox 2592 4589 2725 4639; x_wconf 84' lang='lat' dir='ltr'><strong>mala</strong></span> <span class='ocrx_word' id='word_1_898' title='bbox 2744 4586 2892 4659; x_wconf 76' lang='lat' dir='ltr'><strong>(Gen.</strong></span> <span class='ocrx_word' id='word_1_899' title='bbox 2918 4590 3004 4645; x_wconf 81' lang='lat'><strong>5|.</strong></span> <span class='ocrx_word' id='word_1_900' title='bbox 3028 4590 3123 4660; x_wconf 69' lang='lat' dir='ltr'><strong>2i)</strong></span> <span class='ocrx_word' id='word_1_901' title='bbox 3156 4610 3169 4643; x_wconf 92' lang='lat'><strong>:</strong></span> <span class='ocrx_word' id='word_1_902' title='bbox 3193 4603 3247 4646; x_wconf 92' lang='lat' dir='ltr'><strong>et</strong></span> <span class='ocrx_word' id='word_1_903' title='bbox 3279 4596 3387 4648; x_wconf 70' lang='lat' dir='ltr'><strong>hoc.</strong></span> <span class='ocrx_word' id='word_1_904' title='bbox 3422 4598 3496 4649; x_wconf 81' lang='lat' dir='ltr'><strong>ita</strong></span> <span class='ocrx_word' id='word_1_905' title='bbox 3526 4598 3627 4651; x_wconf 79' lang='lat' dir='ltr'><strong>dis-</strong></span> 
     </span>
    </p>
   </div>
   <div class='ocr_carea' id='block_1_108' title="bbox 2032 4676 3623 4752">
    <p class='ocr_par' dir='ltr' id='par_1_108' title="bbox 2032 4676 3623 4752">
     <span class='ocr_line' id='line_1_109' title="bbox 2032 4676 3623 4752; baseline 0.008 -25"><span class='ocrx_word' id='word_1_906' title='bbox 2032 4676 2303 4742; x_wconf 72' lang='lat' dir='ltr'><strong>pensabat,</strong></span> <span class='ocrx_word' id='word_1_907' title='bbox 2336 4692 2439 4744; x_wconf 89' lang='lat' dir='ltr'><strong>quo</strong></span> <span class='ocrx_word' id='word_1_908' title='bbox 2459 4691 2552 4745; x_wconf 85' lang='lat' dir='ltr'><strong>per</strong></span> <span class='ocrx_word' id='word_1_909' title='bbox 2572 4677 2709 4729; x_wconf 85' lang='lat' dir='ltr'><strong>illius</strong></span> <span class='ocrx_word' id='word_1_910' title='bbox 2729 4676 2959 4747; x_wconf 80' lang='lat' dir='ltr'><strong>linguam</strong></span> <span class='ocrx_word' id='word_1_911' title='bbox 2988 4691 3167 4735; x_wconf 88' lang='lat' dir='ltr'><strong>nottun</strong></span> <span class='ocrx_word' id='word_1_912' title='bbox 3194 4681 3346 4737; x_wconf 73' lang='lat' dir='ltr'><strong>fieret</strong></span> <span class='ocrx_word' id='word_1_913' title='bbox 3369 4688 3553 4752; x_wconf 82' lang='lat' dir='ltr'><strong>justo,</strong></span> <span class='ocrx_word' id='word_1_914' title='bbox 3574 4698 3623 4739; x_wconf 85' lang='lat' dir='ltr'><strong>ut</strong></span> 
     </span>
    </p>
   </div>
   <div class='ocr_carea' id='block_1_109' title="bbox 2032 4764 3622 4847">
    <p class='ocr_par' dir='ltr' id='par_1_109' title="bbox 2032 4764 3622 4847">
     <span class='ocr_line' id='line_1_110' title="bbox 2032 4764 3622 4847; baseline 0.009 -30"><span class='ocrx_word' id='word_1_915' title='bbox 2032 4764 2296 4819; x_wconf 84' lang='lat' dir='ltr'><strong>tidentiori</strong></span> <span class='ocrx_word' id='word_1_916' title='bbox 2328 4776 2470 4821; x_wconf 84' lang='lat' dir='ltr'><strong>esset</strong></span> <span class='ocrx_word' id='word_1_917' title='bbox 2499 4768 2677 4822; x_wconf 87' lang='lat' dir='ltr'><strong>animo</strong></span> <span class='ocrx_word' id='word_1_918' title='bbox 2702 4782 2973 4838; x_wconf 86' lang='lat' dir='ltr'><strong>comperta</strong></span> <span class='ocrx_word' id='word_1_919' title='bbox 3005 4780 3146 4826; x_wconf 90' lang='lat' dir='ltr'><strong>tanta</strong></span> <span class='ocrx_word' id='word_1_920' title='bbox 3178 4773 3271 4829; x_wconf 90' lang='lat' dir='ltr'><strong>Dei</strong></span> <span class='ocrx_word' id='word_1_921' title='bbox 3313 4777 3369 4829; x_wconf 89' lang='lat' dir='ltr'><strong>in</strong></span> <span class='ocrx_word' id='word_1_922' title='bbox 3402 4794 3465 4831; x_wconf 79' lang='lat' dir='ltr'><strong>se</strong></span> <span class='ocrx_word' id='word_1_923' title='bbox 3497 4794 3622 4847; x_wconf 86' lang='lat' dir='ltr'><strong>pro-</strong></span> 
     </span>
    </p>
   </div>
   <div class='ocr_carea' id='block_1_110' title="bbox 2028 4856 3620 4939">
    <p class='ocr_par' dir='ltr' id='par_1_110' title="bbox 2028 4856 3620 4939">
     <span class='ocr_line' id='line_1_111' title="bbox 2028 4856 3620 4939; baseline 0.009 -29"><span class='ocrx_word' id='word_1_924' title='bbox 2028 4856 2275 4910; x_wconf 76' lang='lat' dir='ltr'><strong>videntia.</strong></span> <span class='ocrx_word' id='word_1_925' title='bbox 2308 4858 2455 4912; x_wconf 89' lang='lat' dir='ltr'><strong>Nunc</strong></span> <span class='ocrx_word' id='word_1_926' title='bbox 2484 4868 2681 4926; x_wconf 88' lang='lat' dir='ltr'><strong>autem,</strong></span> <span class='ocrx_word' id='word_1_927' title='bbox 2711 4861 2834 4930; x_wconf 90' lang='lat' dir='ltr'><strong>quia</strong></span> <span class='ocrx_word' id='word_1_928' title='bbox 2874 4861 3038 4917; x_wconf 90' lang='lat' dir='ltr'><strong>frater</strong></span> <span class='ocrx_word' id='word_1_929' title='bbox 3075 4868 3333 4934; x_wconf 87' lang='lat' dir='ltr'><strong>temporis</strong></span> <span class='ocrx_word' id='word_1_930' title='bbox 3378 4870 3620 4939; x_wconf 76' lang='lat' dir='ltr'><strong>longitu-</strong></span> 
     </span>
    </p>
   </div>
   <div class='ocr_carea' id='block_1_111' title="bbox 2029 4949 3619 5030">
    <p class='ocr_par' dir='ltr' id='par_1_111' title="bbox 2029 4949 3619 5030">
     <span class='ocr_line' id='line_1_112' title="bbox 2029 4949 3619 5030; baseline 0.008 -27"><span class='ocrx_word' id='word_1_931' title='bbox 2029 4949 2150 5004; x_wconf 89' lang='lat' dir='ltr'><strong>dine</strong></span> <span class='ocrx_word' id='word_1_932' title='bbox 2193 4950 2461 5020; x_wconf 86' lang='lat' dir='ltr'><strong>mitigatus</strong></span> <span class='ocrx_word' id='word_1_933' title='bbox 2503 4961 2638 5014; x_wconf 89' lang='lat' dir='ltr'><strong>erat,</strong></span> <span class='ocrx_word' id='word_1_934' title='bbox 2672 4952 3049 5023; x_wconf 87' lang='lat' dir='ltr'><strong>quieveratque</strong></span> <span class='ocrx_word' id='word_1_935' title='bbox 3094 4954 3170 5009; x_wconf 87' lang='lat' dir='ltr'><strong>ira</strong></span> <span class='ocrx_word' id='word_1_936' title='bbox 3217 4965 3271 5012; x_wconf 88' lang='lat' dir='ltr'><strong>et</strong></span> <span class='ocrx_word' id='word_1_937' title='bbox 3318 4959 3619 5030; x_wconf 77' lang='lat' dir='ltr'><strong>indignatio</strong></span> 
     </span>
    </p>
   </div>
   <div class='ocr_carea' id='block_1_112' title="bbox 2026 5041 3615 5111">
    <p class='ocr_par' dir='ltr' id='par_1_112' title="bbox 2026 5041 3615 5111">
     <span class='ocr_line' id='line_1_113' title="bbox 2026 5041 3615 5111; baseline 0.006 -15"><span class='ocrx_word' id='word_1_938' title='bbox 2026 5050 2210 5096; x_wconf 83' lang='lat' dir='ltr'><strong>contra</strong></span> <span class='ocrx_word' id='word_1_939' title='bbox 2240 5041 2402 5097; x_wconf 84' lang='lat' dir='ltr'><strong>Iacob</strong></span> <span class='ocrx_word' id='word_1_940' title='bbox 2433 5059 2448 5096; x_wconf 91' lang='lat'><strong>:</strong></span> <span class='ocrx_word' id='word_1_941' title='bbox 2482 5043 2566 5097; x_wconf 85' lang='lat' dir='ltr'><strong>hic</strong></span> <span class='ocrx_word' id='word_1_942' title='bbox 2590 5052 2765 5099; x_wconf 89' lang='lat' dir='ltr'><strong>autem</strong></span> <span class='ocrx_word' id='word_1_943' title='bbox 2793 5045 2984 5101; x_wconf 80' lang='lat' dir='ltr'><strong>anxius</strong></span> <span class='ocrx_word' id='word_1_944' title='bbox 3008 5056 3142 5111; x_wconf 91' lang='lat' dir='ltr'><strong>erat,</strong></span> <span class='ocrx_word' id='word_1_945' title='bbox 3174 5051 3373 5104; x_wconf 81' lang='lat' dir='ltr'><strong>timens</strong></span> <span class='ocrx_word' id='word_1_946' title='bbox 3409 5062 3467 5107; x_wconf 88' lang='lat' dir='ltr'><strong>et</strong></span> <span class='ocrx_word' id='word_1_947' title='bbox 3508 5066 3615 5108; x_wconf 62' lang='lat' dir='ltr'><strong>tre.</strong></span> 
     </span>
    </p>
   </div>
   <div class='ocr_carea' id='block_1_113' title="bbox 2026 5132 3613 5211">
    <p class='ocr_par' dir='ltr' id='par_1_113' title="bbox 2026 5132 3613 5211">
     <span class='ocr_line' id='line_1_114' title="bbox 2026 5132 3613 5211; baseline 0.008 -26"><span class='ocrx_word' id='word_1_948' title='bbox 2026 5147 2178 5186; x_wconf 91' lang='lat' dir='ltr'><strong>mens</strong></span> <span class='ocrx_word' id='word_1_949' title='bbox 2219 5132 2394 5186; x_wconf 86' lang='lat' dir='ltr'><strong>fratris</strong></span> <span class='ocrx_word' id='word_1_950' title='bbox 2436 5148 2715 5189; x_wconf 89' lang='lat' dir='ltr'><strong>occursum</strong></span> <span class='ocrx_word' id='word_1_951' title='bbox 2764 5151 2779 5189; x_wconf 89' lang='lat'><strong>:</strong></span> <span class='ocrx_word' id='word_1_952' title='bbox 2824 5136 2997 5191; x_wconf 90' lang='lat' dir='ltr'><strong>bonus</strong></span> <span class='ocrx_word' id='word_1_953' title='bbox 3042 5139 3300 5195; x_wconf 88' lang='lat' dir='ltr'><strong>Dominus</strong></span> <span class='ocrx_word' id='word_1_954' title='bbox 3342 5158 3458 5197; x_wconf 89' lang='lat' dir='ltr'><strong>non</strong></span> <span class='ocrx_word' id='word_1_955' title='bbox 3506 5146 3613 5211; x_wconf 80' lang='lat' dir='ltr'><strong>jam</strong></span> 
     </span>
    </p>
   </div>
   <div class='ocr_carea' id='block_1_114' title="bbox 2024 5220 3612 5295">
    <p class='ocr_par' dir='ltr' id='par_1_114' title="bbox 2024 5220 3612 5295">
     <span class='ocr_line' id='line_1_115' title="bbox 2024 5220 3612 5295; baseline 0.009 -21"><span class='ocrx_word' id='word_1_956' title='bbox 2024 5220 2168 5275; x_wconf 77' lang='lat' dir='ltr'><strong>Esau</strong></span> <span class='ocrx_word' id='word_1_957' title='bbox 2196 5222 2452 5291; x_wconf 70' lang='lat' dir='ltr'><strong>prmcipit,</strong></span> <span class='ocrx_word' id='word_1_958' title='bbox 2482 5221 2637 5295; x_wconf 88' lang='lat' dir='ltr'><strong>(nihil</strong></span> <span class='ocrx_word' id='word_1_959' title='bbox 2663 5225 2803 5279; x_wconf 87' lang='lat' dir='ltr'><strong>enim</strong></span> <span class='ocrx_word' id='word_1_960' title='bbox 2832 5236 3018 5281; x_wconf 82' lang='lat' dir='ltr'><strong>contra</strong></span> <span class='ocrx_word' id='word_1_961' title='bbox 3057 5226 3273 5284; x_wconf 85' lang='lat' dir='ltr'><strong>fratrem</strong></span> <span class='ocrx_word' id='word_1_962' title='bbox 3305 5232 3612 5288; x_wconf 58' lang='lat' dir='ltr'><strong>meditata-</strong></span> 
     </span>
    </p>
   </div>
   <div class='ocr_carea' id='block_1_115' title="bbox 2024 5313 3610 5389">
    <p class='ocr_par' dir='ltr' id='par_1_115' title="bbox 2024 5313 3610 5389">
     <span class='ocr_line' id='line_1_116' title="bbox 2024 5313 3610 5389; baseline 0.009 -23"><span class='ocrx_word' id='word_1_963' title='bbox 2024 5313 2153 5381; x_wconf 91' lang='lat' dir='ltr'><strong>tur),</strong></span> <span class='ocrx_word' id='word_1_964' title='bbox 2185 5313 2278 5367; x_wconf 89' lang='lat' dir='ltr'><strong>sed</strong></span> <span class='ocrx_word' id='word_1_965' title='bbox 2305 5315 2503 5382; x_wconf 87' lang='lat' dir='ltr'><strong>justum</strong></span> <span class='ocrx_word' id='word_1_966' title='bbox 2532 5316 2753 5371; x_wconf 87' lang='lat' dir='ltr'><strong>solatur.</strong></span> <span class='ocrx_word' id='word_1_967' title='bbox 2778 5316 2909 5372; x_wconf 89' lang='lat' dir='ltr'><strong>Nam</strong></span> <span class='ocrx_word' id='word_1_968' title='bbox 2937 5329 3214 5389; x_wconf 88' lang='lat' dir='ltr'><strong>postquam</strong></span> <span class='ocrx_word' id='word_1_969' title='bbox 3255 5324 3501 5380; x_wconf 84' lang='lat' dir='ltr'><strong>misisset</strong></span> <span class='ocrx_word' id='word_1_970' title='bbox 3529 5328 3610 5380; x_wconf 85' lang='lat' dir='ltr'><strong>of-</strong></span> 
     </span>
    </p>
   </div>
   <div class='ocr_carea' id='block_1_116' title="bbox 2023 5402 3613 5477">
    <p class='ocr_par' dir='ltr' id='par_1_116' title="bbox 2023 5402 3613 5477">
     <span class='ocr_line' id='line_1_117' title="bbox 2023 5402 3613 5477; baseline 0.01 -21"><span class='ocrx_word' id='word_1_971' title='bbox 2023 5402 2253 5458; x_wconf 87' lang='lat' dir='ltr'><strong>ferentes</strong></span> <span class='ocrx_word' id='word_1_972' title='bbox 2284 5420 2524 5473; x_wconf 89' lang='lat' dir='ltr'><strong>munera,</strong></span> <span class='ocrx_word' id='word_1_973' title='bbox 2551 5416 2609 5463; x_wconf 89' lang='lat' dir='ltr'><strong>et</strong></span> <span class='ocrx_word' id='word_1_974' title='bbox 2628 5408 2983 5477; x_wconf 79' lang='lat' dir='ltr'><strong>dormivisset,</strong></span> <span class='ocrx_word' id='word_1_975' title='bbox 3011 5410 3100 5465; x_wconf 69' lang='lat'><strong>32.</strong></span> <span class='ocrx_word' id='word_1_976' title='bbox 3129 5408 3373 5467; x_wconf 66' lang='lat' dir='ltr'><strong>Surrexit</strong></span> <span class='ocrx_word' id='word_1_977' title='bbox 3390 5416 3446 5469; x_wconf 82' lang='lat' dir='ltr'><strong>in</strong></span> <span class='ocrx_word' id='word_1_978' title='bbox 3466 5432 3613 5472; x_wconf 72' lang='lat' dir='ltr'><strong>noris</strong></span> 
     </span>
    </p>
   </div>
   <div class='ocr_carea' id='block_1_117' title="bbox 2019 5496 3607 5571">
    <p class='ocr_par' dir='ltr' id='par_1_117' title="bbox 2019 5496 3607 5571">
     <span class='ocr_line' id='line_1_118' title="bbox 2019 5496 3607 5571; baseline 0.011 -22"><span class='ocrx_word' id='word_1_979' title='bbox 2019 5496 2131 5563; x_wconf 90' lang='lat' dir='ltr'><strong>illa,</strong></span> <span class='ocrx_word' id='word_1_980' title='bbox 2163 5506 2210 5551; x_wconf 86' lang='lat' dir='ltr'><strong>et</strong></span> <span class='ocrx_word' id='word_1_981' title='bbox 2237 5513 2417 5553; x_wconf 73' lang='lat' dir='ltr'><strong>uxores</strong></span> <span class='ocrx_word' id='word_1_982' title='bbox 2444 5501 2572 5555; x_wconf 87' lang='lat' dir='ltr'><strong>duas</strong></span> <span class='ocrx_word' id='word_1_983' title='bbox 2598 5511 2647 5555; x_wconf 84' lang='lat' dir='ltr'><strong>et</strong></span> <span class='ocrx_word' id='word_1_984' title='bbox 2672 5502 2808 5571; x_wconf 77' lang='lat' dir='ltr'><strong>ï¬lios</strong></span> <span class='ocrx_word' id='word_1_985' title='bbox 2834 5505 3109 5559; x_wconf 78' lang='lat' dir='ltr'><strong>transmisit</strong></span> <span class='ocrx_word' id='word_1_986' title='bbox 3149 5506 3203 5559; x_wconf 88' lang='lat' dir='ltr'><strong>in</strong></span> <span class='ocrx_word' id='word_1_987' title='bbox 3244 5511 3471 5564; x_wconf 76' lang='lat' dir='ltr'><strong>transitu</strong></span> <span class='ocrx_word' id='word_1_988' title='bbox 3508 5512 3607 5566; x_wconf 81' lang='lat' dir='ltr'><strong>Ia-</strong></span> 
     </span>
    </p>
   </div>
   <div class='ocr_carea' id='block_1_118' title="bbox 2082 5631 3603 5699">
    <p class='ocr_par' dir='ltr' id='par_1_118' title="bbox 2082 5631 3603 5699">
     <span class='ocr_line' id='line_1_119' title="bbox 2082 5631 3603 5699; baseline 0.013 -24"><span class='ocrx_word' id='word_1_989' title='bbox 2082 5631 2445 5699; x_wconf 60' lang='lat' dir='ltr'><strong>t_Ji_ixta__(joisl.</strong></span> <span class='ocrx_word' id='word_1_990' title='bbox 2472 5633 2734 5697; x_wconf 82' lang='lat' dir='ltr'><strong>legendum</strong></span> <span class='ocrx_word' id='word_1_991' title='bbox 2774 5640 2883 5686; x_wconf 87' lang='lat' dir='ltr'><strong>est:</strong></span> <span class='ocrx_word' id='word_1_992' title='bbox 2910 5636 3034 5688; x_wconf 79' lang='lat' dir='ltr'><strong>Satis</strong></span> <span class='ocrx_word' id='word_1_993' title='bbox 3071 5637 3190 5689; x_wconf 79' lang='lat' dir='ltr'><strong>mihi</strong></span> <span class='ocrx_word' id='word_1_994' title='bbox 3220 5646 3318 5699; x_wconf 79' lang='lat' dir='ltr'><strong>est,</strong></span> <span class='ocrx_word' id='word_1_995' title='bbox 3344 5649 3403 5692; x_wconf 80' lang='lat' dir='ltr'><strong>et</strong></span> <span class='ocrx_word' id='word_1_996' title='bbox 3441 5642 3603 5695; x_wconf 77' lang='lat' dir='ltr'><strong>infra:</strong></span> 
     </span>
    </p>
   </div>
   <div class='ocr_carea' id='block_1_119' title="bbox 2016 5691 2350 5750">
    <p class='ocr_par' dir='ltr' id='par_1_119' title="bbox 2016 5691 2350 5750">
     <span class='ocr_line' id='line_1_120' title="bbox 2016 5691 2350 5750; baseline 0.003 -7"><span class='ocrx_word' id='word_1_997' title='bbox 2016 5691 2192 5750; x_wconf 68' lang='lat' dir='ltr'><strong>sufï¬cit</strong></span> <span class='ocrx_word' id='word_1_998' title='bbox 2214 5691 2350 5743; x_wconf 77' lang='lat' dir='ltr'><strong>mihi.</strong></span> 
     </span>
    </p>
   </div>
  </div>
