3782 6318
145 279 266 334 507

141 390 355 461 πορίας
371 389 490 444 εστι
507 389 609 462 τὴν
630 389 895 460 ὠφέλειαν
915 393 1112 462 καρπὼ
1121 393 1324 448 τασθαι.
1359 392 1730 453 Ἀπελθόντος,

141 475 312 543 φησι,
347 472 443 526 τοῦ
485 473 670 528 Λάϐαν
710 475 789 536 είς
813 474 904 528 τὸν
940 470 1088 528 οἷκον
1133 476 1321 538 αὐτοῦ,
1364 477 1472 530 Καὶ
1528 473 1738 528 Ἰακὼϐ

140 556 433 626 ἀπῆλθεν
475 559 563 621 εις
603 556 716 624 τὴν
752 557 970 612 ἑαυτοῦ
1017 558 1196 622 ὁδὸν,
1233 559 1332 612 καί
1384 557 1734 625 ἀναϐλέψας

138 639 274 696 εἶδε
337 641 725 710 παρεμϐολὴν
786 640 932 694 Θεοῦ
988 640 1545 711 παρεμϐεϐληκυῖαν
1564 681 1579 706 ,
1632 640 1731 692 καί

135 725 554 792 συνήντησαν
589 721 749 788 αὐτῷ
779 726 833 777 οἱ
879 723 1120 793 ἄγγελοι
1162 724 1267 778 τοῦ
1305 723 1470 777 Θεοῦ.
1498 720 1732 792 ,Ἐπειδὴ

138 813 283 881 γὰρ,
328 807 682 877 παυσαμένου
720 807 816 860 τοῦ
845 807 1013 875 φόϐου
1064 808 1158 861 τοῦ
1204 809 1391 860 Λάϐαν
1435 806 1531 860 καὶ
1580 804 1733 867 τέλος

139 894 458 962 εἰληφότος,
491 891 756 960 διεδέχετο
781 883 965 962 λοιπὸν
992 892 1021 942 0
1051 890 1214 958 φόϐος
1236 889 1331 943 τοῦ
1366 886 1616 958 ἀδελφοῦ,
1645 886 1732 940 διὰ

136 961 314 1028 τοῦτο
355 978 384 1029 0
421 974 804 1051 φιλάνθρωπος
855 961 1132 1042 Δεσπότης
1187 972 1603 1045 παραθαρρῦναι
1642 970 1732 1024 τὸν

137 1060 360 1114 δίκαιον
417 1059 770 1129 βουλόμενος,
821 1058 916 1110 καὶ
963 1059 1146 1110 πᾶσαν
1183 1057 1349 1110 αὐτοῦ
1380 1056 1478 1128 τὴν
1523 1054 1730 1108 δειλίαν

137 1142 540 1201 ἀποσκεδάσαι,
576 1139 987 1210 παρεσκεύασεν
1019 1141 1180 1193 αὐτὸν
1208 1141 1316 1194 τῶν
1353 1139 1599 1208 ἀγγέλων
1632 1137 1731 1209 τὴν

139 1225 506 1295 παρεμϐολὴν
543 1223 690 1277 ίδείν.
727 1221 1131 1290 Συνήντησαν
1170 1225 1279 1292 γὰρ
1323 1222 1504 1287 αὐτῷ,
1543 1222 1729 1292 φησὶν,

135 1309 200 1360 οι
223 1307 465 1377 ἄγγελοι
487 1303 590 1358 τοῦ
612 1304 782 1358 Θεοῦ.
800 1305 906 1358 Καὶ
931 1301 1101 1358 εἶπεν
1116 1305 1317 1360 Ἰακώϐ
1333 1323 1345 1336 ·
1374 1303 1725 1373 Παρεμϐολή

141 1390 302 1444 Θεοῦ
346 1389 520 1455 αῦτη.
573 1387 682 1440 Καὶ
720 1386 977 1441 ἐκάλεσε
1033 1387 1100 1441 τὸ
1147 1388 1333 1457 ὄνομα
1389 1387 1493 1441 τοῦ
1543 1389 1729 1442 τόπου

136 1475 412 1537 ἐκείνου,
457 1470 896 1539 Παρεμϐολαὶο,
927 1469 1066 1522 ὥστε
1097 1471 1161 1523 ἐκ
1210 1470 1308 1540 τῆς
1360 1470 1730 1541 προσηγορίας

139 1557 374 1626 διηνεκῆ
406 1554 505 1623 τὴν
535 1553 840 1623 ὑπόμνησιν
868 1548 1008 1606 εἷναι
1039 1553 1137 1623 τῆς
1170 1553 1543 1623 γεγενημένης
1582 1553 1730 1624 αὐτῷ

139 1641 332 1692 ἐκεῖσε
371 1635 658 1698 ὀπτασίας.
704 1630 839 1688 Εῐτα
888 1635 1027 1706 μετὰ
1068 1635 1165 1706 τὴν
1197 1636 1466 1690 ὀπτασίαν
1494 1636 1727 1706 ταύτην,

154 1721 534 1782 Ἀπέστειλε,
580 1719 744 1788 φησὶν
767 1758 781 1783 ,
832 1717 1172 1788 ἔμπροσθεν
1214 1718 1400 1773 αὑτοῦ
1433 1717 1730 1788 ἀγγέλους

137 1806 298 1873 πρὸς
338 1803 529 1859 Ἡσαῦ
563 1801 672 1856 τὸν
711 1801 979 1871 ἀδελφὸν
1011 1802 1220 1866 αὐτοῦ,
1259 1803 1356 1856 καί
1391 1803 1729 1857 ἐνετείλατο

136 1889 341 1958 λέγων
361 1903 374 1918 ⁸
407 1887 606 1952 Οὖτως
632 1885 818 1954 ἐρεῖτε
859 1885 938 1950 τῷ
967 1886 1154 1954 κυρίῳ
1190 1903 1311 1955 μου
1353 1884 1553 1940 Ἠσαῦ.
1587 1883 1729 1955 Ὅρα

136 1974 242 2025 καὶ
275 1972 413 2042 μετά
442 1970 540 2040 τὴν
566 1969 688 2039 ὄψιν
721 1969 886 2033 πόσος
916 1969 995 2022 ἔτι
1016 1972 1043 2022 0
1072 1970 1234 2038 φόϐος
1263 1969 1515 2022 ἐπέκειτο
1541 1966 1618 2038 τῷ
1645 1967 1726 2020 δι-

137 2055 308 2125 καίῳ.
346 2054 634 2107 Ἐδεδοίκει
677 2052 787 2124 γὰρ
830 2052 924 2106 τοῦ
973 2051 1202 2121 ἀδελφοῦ
1243 2053 1342 2124 τὴν
1381 2052 1595 2124 ὁρμὴν.
1637 2051 1729 2104 καὶ

136 2138 377 2208 ἠγωνία,
410 2137 489 2207 μὴ
513 2139 546 2206 ἠ
589 2137 778 2206 μνήμη
805 2135 915 2189 τῶν
953 2136 1082 2206 πρὶν
1113 2134 1206 2188 ὐπ’
1234 2134 1398 2188 αὐτοῦ
1428 2133 1729 2204 γεγενημέ-

135 2240 250 2275 νων
279 2223 358 2284 εἰς
386 2221 485 2291 τὴν
516 2218 636 2273 κατ’
664 2218 830 2271 αὐτοῦ
869 2216 1055 2286 ἔφοδον
1095 2219 1449 2290 παρορμήσῃ.
1482 2217 1725 2282 Εἴπατε,

137 2304 302 2375 φησὶ,
329 2302 407 2356 τῶ
435 2303 617 2370 κυρίῳ
627 2319 746 2371 μου
778 2300 957 2356 Ἠσαῦ
974 2317 988 2330 ·
1024 2300 1186 2354 Οϋτω
1208 2302 1370 2372 λέγει
1391 2304 1424 2355 ό
1449 2299 1589 2366 παῖς
1610 2316 1727 2354 σου

152 2387 384 2442 Ἰακώϐο
403 2385 565 2439 Μετὰ
589 2384 791 2439 Λάϐαν
811 2383 1161 2452 παρῴκησα,
1181 2385 1278 2437 καὶ
1306 2385 1594 2454 ἐχρόνισα
1615 2382 1727 2450 ἕως

134 2471 252 2526 τοῦ
267 2470 402 2531 νῦν,
419 2469 517 2524 καί
531 2469 811 2538 ἐγένοντό
820 2485 919 2538 μοι
931 2466 1079 2535 ,βόες
1097 2469 1193 2522 καί
1212 2469 1338 2523 ὄνοι
1353 2468 1450 2522 καὶ
1465 2469 1728 2536 πρόϐατα

135 2554 245 2608 καί
260 2552 470 2618 παῖδες
489 2552 587 2605 καὶ
615 2550 951 2612 παιδίσκαι,
970 2553 1067 2605 καί
1095 2550 1425 2605 ἀπέστειλα
1450 2549 1529 2616 τῷ
1545 2551 1728 2619 κυρίῳ

132 2656 280 2709 μου,
295 2639 394 2690 ἵνα
407 2636 552 2704 εὕρῃ
566 2639 598 2690 ό
610 2635 750 2702 παῖς
761 2649 878 2689 σου
893 2636 1172 2690 ἐναντίον
1187 2652 1302 2690 σου
1315 2634 1512 2703 χάριν.
1527 2634 1725 2686 Σκόπει

137 2722 263 2786 πῶς
298 2720 500 2773 δέδοικε
521 2719 613 2772 τὸν
639 2720 887 2789 ἀδελφὸν,
921 2720 1016 2772 καὶ
1048 2718 1134 2772 διὰ
1180 2716 1338 2772 τοῦτο
1373 2717 1726 2788 ἐξευμενίσα-

137 2805 270 2858 σθαι
299 2805 462 2858 αὐτὸν
497 2803 840 2874 βουλόμενος,
872 2801 1297 2872 προαποστέλλει
1326 2799 1546 2871 μηνύων
1576 2799 1726 2871 αὐτῷ

133 2889 241 2958 τήν
283 2905 339 2940 τε
377 2887 585 2940 οἰκείαν
625 2886 905 2952 ἐπάνοδον,
936 2889 1033 2958 τήν
1075 2903 1135 2938 τε
1179 2884 1546 2955 γεγενημένην
1578 2884 1726 2956 αὐτῷ

137 2971 484 3042 περιουσίαν,
514 2972 608 3024 καὶ
651 2972 785 3023 ὅπου
818 2970 908 3022 τὸν
942 2969 1158 3024 ἅπαντα
1205 2968 1469 3022 διετέλεσε
1514 2967 1722 3038 χρόνον,

136 3055 233 3109 ἵνα
269 3055 511 3124 μαλάξας
543 3053 708 3108 αὐτοῦ
738 3054 828 3108 τὸν
872 3052 1064 3124 θυμόν,
1103 3053 1310 3124 ἥμερον
1357 3050 1517 3104 αὐτὸν
1556 3069 1726 3105 κατα-

137 3138 342 3209 στῆσαι
370 3136 603 3210 δυνηθῖγ
648 3137 676 3190 ὃ
718 3136 781 3207 δὴ
812 3137 905 3189 καὶ
935 3135 1250 3206 γεγένηται,
1289 3134 1384 3188 τοῦ
1431 3134 1566 3187 Θεοῦ
1595 3153 1728 3188 κατ-

135 3222 472 3284 ευνάσαντος
507 3219 673 3275 αὐτοῦ
708 3220 806 3290 τὴν
846 3218 1070 3290 καρδίαν
1093 3258 1108 3282 ,
1153 3219 1247 3271 καὶ
1292 3217 1585 3280 σϐέσαντος
1626 3217 1725 3287 τὴν

133 3305 314 3378 ὀργὴν
366 3303 556 3366 αὐτοῦ,
591 3304 686 3357 καὶ
721 3304 928 3374 ἥμερον
961 3300 1125 3354 αὐτὸν
1163 3300 1624 3372 καταστήσαντος.
1662 3299 1725 3353 EI

136 3389 254 3460 γὰρ
286 3387 378 3441 τὸν
404 3386 590 3441 Δάϐαν
628 3386 720 3440 τὸν
762 3384 900 3456 μετά
939 3382 1207 3454 τοσαύτης
1239 3383 1416 3454 ὁρμῆς
1460 3381 1727 3460 καταδιῴο-

135 3458 332 3539 ξαντα,
359 3471 419 3524 ἐν
435 3468 677 3541 τοσούτῳ
707 3470 856 3539 φόϐῳ
881 3467 1134 3536 γενέσθαι
1157 3464 1535 3536 παρεσκεύασε
1558 3465 1627 3519 δι’
1651 3458 1727 3517 ὧν

135 3555 284 3627 πρὸς
309 3554 474 3609 αὐτὸν
501 3549 644 3616 εἷπε,
676 3550 855 3622 πολλῷ
891 3550 1090 3622 μᾶλλον
1117 3551 1207 3603 τὸν
1244 3549 1471 3619 ἀδελφὸν
1503 3549 1726 3621 ἡμερώ-

133 3652 300 3706 τερον
349 3636 416 3688 ἂν
459 3633 710 3702 γενέσθαι
759 3629 1140 3700 παρεσκεύασε
1191 3630 1320 3700 περὶ
1360 3629 1452 3682 τὸν
1494 3629 1722 3682 δίκαιον.

159 3713 569 3782 Ἀνέστρεψαν
612 3709 699 3777 δὲ,
757 3710 913 3780 φησὶ,
971 3708 1290 3777 λέγοντες*
1349 3706 1728 3778 Ἀπήλθομεν

137 3795 296 3863 πρὸς
321 3794 430 3848 τὸν
457 3793 724 3862 ἀδελφόν
750 3807 889 3853 σου,
916 3789 1012 3844 καὶ
1040 3791 1275 3858 ἔρχεται
1304 3791 1391 3854 εἰς
1415 3787 1725 3855 συνάντη-

136 3874 252 3928 σιν
267 3890 404 3935 σου,
427 3872 526 3926 καὶ
555 3870 923 3940 τετρακόσιοι
953 3868 1167 3937 ἄνδρες
1188 3869 1316 3936 μετ’
1341 3867 1546 3922 αὑτοῦ.
1573 3867 1724 3940 [565]

143 3953 289 4024 Ὅρα
333 3952 448 4014 πῶς
484 3951 578 4004 καὶ¹
613 3949 744 4004 αὐτὸ
777 3947 934 4006 τοῦτο
976 3947 1217 3999 ἐπέτεινε
1269 3945 1348 4016 τῷ
1393 3945 1588 4016 δικαίῳ
1635 3947 1726 3998 τὸν

139 4032 331 4104 φόϐον.
361 4030 496 4084 Οὐδὲ
525 4029 634 4100 γὰρ
661 4028 777 4098 ᾔδει
823 4028 916 4079 τὸν
944 4026 1147 4078 σκοπὸν
1178 4024 1275 4077 τοῦ
1314 4024 1544 4095 ἀδελφοῦ
1588 4025 1724 4096 μετά

135 4113 450 4185 ἀκριϐείας,
469 4110 602 4164 ἀλλὰ
633 4108 819 4180 μαθὼν
843 4107 902 4161 τὸ
929 4105 1132 4177 πλῆθος
1155 4105 1264 4158 τῶν
1290 4106 1558 4159 συνόντων
1577 4105 1726 4176 αὐτῴ

134 4192 803 4260 ἐδεδοίκει,ὐφορώμενος
843 4187 915 4257 μὴ
945 4186 1020 4248 ὡς
1066 4187 1201 4255 πρὸς
1255 4186 1490 4255 πόλεμον
1533 4203 1727 4257 παρα-

136 4272 573 4342 σκευασάμενος,
610 4268 750 4320 οὐτω
779 4267 874 4337 τὴν
915 4265 1220 4335 ὑπάντησιν
1249 4265 1577 4334 ποιήσασθαι
1605 4266 1726 4336 βού-

133 4355 321 4426 ληται.
361 4348 655 4420 Ἐφοϐήθη
697 4347 835 4426 γὰρ,
876 4347 1064 4426 φησὶν,
1107 4345 1342 4426 Ἰακὼϐ,
1375 4346 1478 4426 καί
1516 4345 1723 4426 διηποέ

131 4424 316 4504 ρεῖτο.
360 4431 418 4483 '0
441 4429 602 4497 φόϐος
628 4424 792 4479 αὐτοῦ
833 4425 934 4496 τὴν
968 4424 1208 4477 διάνοιαν
1243 4424 1587 4496 διετάρασσε,
1634 4425 1726 4478 καὶ

133 4502 240 4564 οὐκ
264 4509 381 4580 ᾔδει
414 4507 474 4560 :0
506 4507 558 4558 τί
597 4504 814 4574 πράξει,
845 4505 960 4556 ἀλλ’
1000 4505 1059 4555 ἐν
1094 4502 1296 4573 ἀπορίᾳ
1329 4503 1569 4571 ἐγεγόνει
1591 4519 1604 4534 ο
1644 4503 1724 4557 διὸ

133 4592 215 4652 ὡς
248 4589 377 4659 περὶ
407 4586 502 4640 τοῦ
538 4585 736 4646 παντὸς
765 4582 1018 4646 δεδοικὼς
1041 4622 1053 4644 ,
1095 4583 1188 4636 καὶ
1231 4582 1322 4634 τὸν
1358 4582 1586 4635 θάνατον
1618 4583 1725 4653 πρὸ

131 4667 434 4738 ὀφθαλμῶν
453 4667 609 4734 ἔχων,
635 4661 853 4728 Διαιρεῖ
870 4663 955 4726 είς
981 4660 1090 4738 δύο
1122 4661 1499 4729 παρεμϐολὰς
1529 4661 1725 4714 πάντα

133 4733 248 4802 τόν
288 4733 443 4799 λαὸν
477 4733 584 4796 τὸν
619 4739 746 4809 μετ’
778 4739 988 4792 αὐτοῦ.
1015 4733 1160 4792 Εἷπε
1190 4738 1322 4808 γὰρ,
1353 4739 1547 4809 φησίν·
1593 4740 1726 4794 Ἐὰν

131 4827 287 4892 ἔλθῃ
320 4827 408 4889 είς
451 4818 840 4890 παρεμϐολὴν
870 4819 1018 4888 μίαν
1059 4818 1157 4871 καί
1206 4820 1370 4886 eadm)
1418 4819 1634 4885 αὐτὴν,
1684 4820 1722 4888 η

131 4903 390 4971 δευτέρα
419 4904 589 4956 ἔσται
618 4903 706 4966 είς
731 4898 796 4953 τὸ
825 4897 1134 4957 σώζεσθαι.
1157 4897 1341 4950 Ταῦτα
1375 4897 1473 4968 μὲν
1508 4901 1536 4951 0
1561 4897 1724 4967 φόϐος

134 4983 487 5054 ὐπηγόρευσε
510 4981 604 5034 καὶ
642 4981 675 5049 ἡ
702 4977 870 5048 πολλὴ
905 4976 1094 5030 δειλία.
1134 4975 1310 5047 Ὁρῶν
1339 4976 1394 5028 δὲ
1429 4977 1623 5030 ἑαυτὸν
1649 4977 1724 5040 ὡς

131 5067 193 5117 ἐν
222 5061 461 5123 δικτύοις
490 5057 918 5129 ἀπειλημμένον,
954 5056 1046 5108 ἐπὶ
1077 5055 1165 5109 τὸν
1191 5056 1404 5126 ἄμαχον
1442 5055 1723 5126 Δεσπότην

133 5139 498 5210 καταφεύγει,
525 5139 619 5191 καὶ
648 5138 746 5199 τὰς
783 5135 1099 5205 ὑποσχέσεις
1132 5135 1228 5196 τὰς
1255 5135 1335 5196 είς
1369 5134 1530 5186 αὐτὸν
1560 5150 1722 5202 γεγε-ο

131 5224 378 5294 νημένας
412 5222 631 5274 ἀπαιτεῖ
656 5215 807 5288 παρὰ
830 5217 921 5269 :00
950 5216 1057 5269 τῶν
1087 5215 1223 5267 ὅλων
1249 5213 1409 5294 Θεοῦ,
1440 5218 1724 5286 μονονουχὶ

130 5287 314 5373 λέγων
344 5301 478 5373 πρὸς
505 5299 691 5352 αὐτόν·
713 5287 825 5350 Νῦν
849 5297 969 5366 ἥκει
995 5295 1202 5366 καιρὸς,
1236 5296 1292 5346 ἐν
1313 5287 1356 5360 ᾧ
1386 5295 1480 5347 καὶ
1507 5294 1596 5348 διὰ
1627 5296 1723 5367 τὴν

128 5385 245 5439 τῶν
288 5381 565 5454 προγόνων
599 5377 816 5450 ἀρετὴν,
844 5376 936 5428 καὶ
978 5375 1066 5428 διὰ
1092 5375 1191 5445 τὴν
1224 5373 1375 5445 παρά
1423 5373 1518 5428 σοῦ
1557 5393 1721 5445 γεγε..

130 5483 197 5535 νη
210 5464 380 5534 μένην
399 5460 686 5529 ὑπόσχεσιν
708 5458 911 5518 δίκαιος
928 5456 994 5510 ἂν
1016 5455 1133 5526 εἵην
1161 5454 1378 5524 ἀπάσης
1405 5455 1721 5508 ἀπολαῦσαι

131 5534 479 5614 συμμαχίας.
510 5535 654 5593 Eius
679 5537 818 5609 γὰρ,
849 5536 1034 5607 φησὶν,
1072 5534 1310 5590 Ἰακώϐ·
1348 5535 1411 5587 '0
1433 5536 1579 5604 Θεὸς
1615 5536 1720 5590 τοῦ

199 5683 229 5711 ³
273 5681 502 5740 Quinque
543 5689 657 5726 mss.
697 5674 992 5738 παρεμϐολή.
1036 5674 1135 5724 Alii
1174 5675 1499 5738 παρεμϐολαί,
1551 5684 1606 5724 ει
1649 5676 1722 5724 sic

97 5802 100 5804 .
129 5757 323 5814 legitur
363 5752 410 5799 in
433 5750 530 5805 τοῖς
550 5748 640 5814 (_)',
663 5746 746 5814 u‘bi
772 5744 928 5814 pfim_0
963 5747 1068 5814 Ιοεο
1089 5747 1210 5795 illud
1241 5748 1530 5814 Hebraicum
1551 5750 1712 5814 rum:

130 5807 365 5870 Mkihaue,
409 5815 520 5874 quia
569 5810 619 5858 in
662 5807 897 5870 singﬂlari
949 5809 1179 5868 positum,
1222 5807 1431 5856 vertitur
1464 5810 1708 5871 παρεμϐοο

132 5889 211 5940 λή.
241 5887 471 5934 Secundo
491 5887 656 5931 autem
680 5880 790 5928 loco
819 5878 903 5927 ubi
943 5879 992 5927 In
1034 5878 1246 5928 Hebraeo
1294 5881 1482 5940 legitur
1520 5879 1710 5932 cum:

133 5945 437 6000 Malmnaim.
461 5945 612 5994 forma
629 5941 1080 6002 duali,1:apep.60).ai
1102 5949 1298 5991 vertunt
1316 5942 1456 5993 LXX.

1144 280 1206 336 IN
1244 280 1400 338 CAP.
1444 277 1636 336 XXXII
1669 277 1920 338 GENES.
1959 282 2193 340 IIOMIL.
2231 283 2409 342 LVIII.

3311 295 3414 350 508

1841 399 2062 463 πατρός
2083 415 2201 466 μου
2235 399 2509 467 Ἀϐραὰμ,
2539 399 2636 451 καί
2685 401 2718 452 ὀ
2745 401 2889 466 Θεὸς
2919 401 3022 453 τοῦ
3047 402 3270 469 πατρός
3297 423 3424 471 μου

1855 476 2080 542 Ἰσαὰκ,
2115 479 2219 544 σὺ,
2266 483 2450 550 φησὶν,
2491 485 2523 534 ό
2575 481 2741 547 Θεὸς,
2778 473 2816 536 ὁ
2851 483 3034 535 εἰπών
3060 497 3196 551 μοι’
3246 485 3419 537 Ἀπό-

1839 575 2010 629 τρεχε
2035 563 2124 628 είς
2152 561 2266 628 τὴν
2290 563 2407 632 γῆν
2430 561 2537 630 τῆς
2557 562 2849 633 γενέσεώς
2879 580 2996 617 σου
3013 580 3025 593 ·
3058 569 3086 616 0
3112 568 3420 636 ἀναστήσας

1841 658 1929 710 με.
1964 645 2148 713 φησὶν,
2173 645 2282 698 ἀπὸ
2313 646 2413 714 τῆς
2438 645 2614 714 ξένης,
2650 646 2743 699 καὶ
2769 647 3078 716 προστάξας
3106 646 3420 701 ἐπανελθεῖν

1839 726 1974 795 πρὸς
2007 728 2098 779 τὸν
2125 728 2334 799 πατέρα
2362 729 2453 781 τὸν
2483 730 2612 782 ίδιον
2641 729 2736 784 καὶ
2764 731 2844 792 είς
2877 728 2975 800 τὴν
2997 729 3100 798 γῆν
3137 731 3236 799 τῆς
3266 733 3420 798 γενέ-

1840 825 1978 872 σεως
1995 823 2009 838 ⁸
2050 810 2414 865 Ἰκανούσθω
2433 829 2536 880 μοι
2561 811 2588 850 δ
2616 812 2732 865 ἀπὸ
2775 811 2980 878 πάσης
3004 812 3418 880 δικαιοσύνης,

1837 893 1937 944 καὶ
1966 892 2271 960 ἀληθείας,
2297 891 2375 964 ἧς
2395 894 2689 960 ἐποίησας
2725 891 2804 958 τῷ
2831 894 2998 947 παιδί
3025 909 3164 948 σου.
3204 897 3418 965 Ἀρκεί-

1839 973 1972 1036 σθω,
2000 977 2156 1044 φησὶ,
2186 975 2323 1046 πρὸς
2359 976 2458 1045 τὴν
2502 976 2595 1028 ἐπὶ
2622 975 2715 1028 τοῦ
2760 976 3022 1046 παρόντος
3059 976 3252 1048 καιροῦ
3283 995 3421 1048 συμ-

1841 1057 2063 1125 μαχίαν.
2105 1058 2162 1110 Ὀ
2195 1058 2304 1128 γὰρ
2347 1059 2505 1127 μέχρι
2541 1056 2634 1110 τοῦ
2674 1059 2938 1128 παρόντος
2985 1059 3253 1128 τοσαύτην
3295 1061 3417 1111 ἐπι-

1835 1137 2150 1209 δειξάμενος
2186 1141 2314 1211 περὶ
2349 1141 2446 1210 ἐμὲ
2489 1139 2834 1209 κηδεμονίαν,
2868 1140 3090 1204 δυνατὸς
3127 1137 3177 1194 εἶ
3206 1142 3300 1195 καὶ
3323 1141 3419 1195 νῦν

1837 1222 2144 1292 ἐξαρπάσαι
2189 1241 2255 1294 με
2288 1223 2396 1276 τῶν
2438 1224 2799 1292 ἐπικειμένων
2831 1241 2920 1293 μοι
2961 1224 3239 1278 κινδύνων.
3281 1225 3417 1278 Οὐδὲ

1837 1305 1945 1374 γὰρ
1972 1306 2171 1373 ἀγνοῶ,
2205 1307 2286 1360 ὅτι
2328 1308 2429 1360 Ἐν
2456 1305 2531 1374 τῇ
2561 1306 2764 1373 ῥάϐδῳ
2796 1325 2915 1374 μου
2948 1308 3133 1376 ταύτῃ
3165 1307 3419 1375 διῆλθον

1836 1389 1944 1440 τὸν
1986 1389 2298 1458 Ἰορδάνην
2340 1389 2586 1443 τοῦτον·
2620 1389 2738 1442 νυνὶ
2790 1388 2843 1441 δὲ
2877 1388 2964 1442 διὰ
3007 1390 3105 1460 τὴν
3145 1391 3243 1461 σὴν
3288 1391 3418 1461 περὶ

1837 1473 1936 1541 ἐμὲ
1971 1472 2248 1543 πρόνοιαν,
2275 1474 2304 1526 ό
2336 1472 2432 1542 τὴν
2467 1471 2768 1542 βακτηρίαν
2799 1473 2966 1543 μόνην
3000 1473 3416 1543 ἐπιφερόμενος,

1836 1555 1998 1625 ἡνίκα
2023 1557 2103 1618 είς
2136 1557 2235 1627 τὴν
2263 1554 2547 1626 ἀλλοτρίαν
2573 1554 2790 1625 ἀπῄειν,
2808 1555 2938 1608 Νῦν
2961 1557 3111 1624 μετὰ
3137 1555 3246 1609 δύο
3271 1572 3374 1623 παι
3391 1583 3421 1598 -

1836 1638 2104 1706 εμϐολῶν
2139 1639 2536 1708 παραγέγονα.
2591 1639 2662 1691 Σὺ
2698 1632 2812 1702 οὖν,
2845 1637 3115 1711 Δέσποτα,
3151 1639 3180 1690 0
3211 1637 3418 1708 ταύτην

1839 1738 1929 1791 μοι
1959 1722 2057 1792 τὴν
2087 1721 2348 1792 εὐπορίαν
2372 1720 2760 1792 χαρισάμενος,
2784 1721 2812 1772 0
2837 1724 2916 1784 είς
2937 1721 3191 1773 τοσοῦτόν
3223 1738 3291 1791 με
3319 1722 3420 1772 αὐ-

1837 1804 2065 1874 ξηθῆναι
2099 1805 2547 1875 παρασκευάσας.
2585 1804 2649 1856 σὺ
2679 1803 2774 1858 νῦν
2819 1803 3071 1868 Ἐξελοῦ
3105 1820 3181 1872 με
3207 1804 3276 1856 ἐκ
3301 1820 3422 1871 χει-

1828 1886 1938 1954 ρὸς
1977 1886 2084 1940 τοῦ
2114 1886 2382 1956 ἀδελφοῦ
2427 1903 2548 1955 μου
2593 1886 2814 1949 Ἠσαῦ,
2849 1886 2940 1939 ὅτι
2977 1885 3266 1955 φοϐοῦμαι
3304 1884 3420 1956 ἐγὼ

1835 1970 2041 2036 αὑτὸν,
2082 1971 2318 2040 μήποτε
2364 1969 2599 2038 πατάξῃ
2638 1987 2735 2039 με,
2768 1971 2867 2023 καὶ
2917 1969 3146 2038 μητέρα
3176 1970 3275 2022 ἐπὶ
3323 1969 3419 2024 τέ-

1835 2071 2025 2120 κνοις.
2069 2055 2152 2108 Σὺ
2193 2055 2399 2120 εἶπαςο
2445 2049 2532 2108 Εὖ
2565 2067 2640 2107 σε
2681 2053 2948 2122 ποιήσω,
2984 2053 3081 2106 καί
3135 2051 3301 2118 θήσω
3350 2052 3418 2105 τὸ

1835 2138 2072 2207 σπέρμα
2099 2155 2215 2193 σου
2237 2139 2318 2202 ὡς
2349 2137 2464 2205 τὴν
2492 2137 2688 2206 ἅμμον
2709 2137 2822 2204 τῆς
2856 2137 3198 2205 θαλάσσης,
3231 2134 3270 2203 ἡ
3305 2139 3418 2190 οὑκ

1834 2219 2300 2288 ἀριθμηθήσεται
2324 2219 2441 2274 ὑπὸ
2482 2220 2587 2274 τοῦ
2616 2220 2889 2284 πλήθους
2912 2230 2960 2274 ε.

1908 2301 1971 2372 β’.
2017 2305 2158 2375 Ὅρα
2199 2299 2534 2356 τοῦδικαίου
2573 2303 2633 2355 τὸ
2675 2301 2920 2372 φιλόθεον
2959 2302 3053 2355 καὶ
3082 2303 3181 2373 τὴν
3220 2301 3420 2373 πολλὴν

1835 2385 2274 2458 εὐγνωμοσύνην,
2307 2386 2426 2447 πῶς
2449 2386 2601 2441 οὐδὲν
2621 2387 2806 2456 ἕτερον
2835 2384 2973 2448 ἀξιοῖ
3003 2384 3089 2436 τὸν
3119 2386 3417 2455 Δεσπότην,

1832 2469 1868 2540 ἢ
1918 2469 2018 2532 τὰς
2056 2468 2261 2532 οἰκείας
2297 2469 2620 2539 ὑποσχέσεις
2658 2467 2964 2540 πληρῶσαι.
3022 2466 3134 2521 Καὶ
3183 2468 3274 2520 ἐπὶ
3307 2469 3421 2530 τοῖς

1835 2551 2200 2624 προλαϐοῦσιν
2248 2551 2600 2622 εὐχαριστίαν
2628 2550 3058 2619 ἐπιδειξάμενος.
3099 2549 3188 2602 καὶ
3228 2550 3422 2620 ὁμολο-

1833 2637 2011 2706 γήσας
2038 2635 2120 2687 δτι
2147 2635 2352 2704 γυμνὸν
2388 2635 2517 2687 ὄντα
2547 2634 2641 2686 καὶ
2677 2633 3094 2704 ἀπερριμμένον
3117 2635 3196 2694 εἰς
3234 2633 3260 2671 ἀ
3291 2650 3419 2686 τοσ-

1834 2718 2005 2788 αύτην
2037 2717 2355 2788 περιουσίαν
2407 2717 2762 2786 κατέστησεν,
2793 2715 3024 2768 ἱκετεύει
3051 2715 3144 2767 τοῦ
3171 2715 3419 2768 κινδύνου

1832 2801 1996 2856 αὐτὸν
2023 2800 2348 2870 ἐξαρπάσαι.
2391 2795 2586 2863 Εἷπας
2628 2798 2757 2868 γὰρ,
2795 2799 2981 2868 φησὶν,
3021 2797 3107 2850 ὅτι
3139 2798 3316 2862 Θήσω
3354 2797 3423 2850 τό

1833 2885 2072 2956 σπέρμα
2105 2901 2220 2938 σου
2248 2883 2330 2948 ὠς
2359 2882 2474 2950 τὴν
2504 2881 2700 2949 ἅμμον
2727 2881 2838 2947 τῆς
2872 2882 3214 2946 θαλάσσης,
3244 2879 3282 2946 ἢ
3307 2884 3420 2934 οὐκ

1831 2967 2387 3039 ἐξαριθμηθήσεται.
2420 2964 2795 3034 Ποιησάμενος
2827 2963 2884 3016 δὲ
2906 2963 3003 3034 τὴν
3035 2963 3171 3033 πρὸς
3198 2963 3290 3016 τὸν
3322 2967 3422 3015 Δε-

1836 3054 2040 3124 σπότην
2058 3049 2423 3122 παράκλησιν,
2445 3048 2538 3100 καὶ
2569 3049 2668 3117 τὴν
2695 3045 2972 3118 ἱκετηρίαν
2990 3049 3087 3116 τῆς
3117 3046 3422 3118 προσευχῆς

1833 3135 2132 3205 ἀνενέγκας
2160 3133 2238 3204 τῷ
2291 3131 2556 3201 Δεσπότῃ.
2590 3129 2685 3182 καὶ
2729 3128 2799 3181 τὰ
2849 3130 2978 3199 παρ’
3012 3127 3206 3181 ἑαυτοῦ
3249 3145 3421 3198 προσ-

1832 3217 2035 3288 τίθησι.
2071 3218 2182 3271 Καὶ
2225 3214 2425 3279 λαϐὼν,
2459 3214 2614 3284 φησὶ,
2663 3211 2839 3282 δῶρα,
2873 3211 2931 3276 ἐξ
2976 3206 3051 3263 ὼν
3087 3211 3421 3282 ἐπεφέρετο,

1833 3299 2121 3353 ἀπέστειλε
2147 3295 2227 3370 τῷ
2262 3295 2476 3364 ἀδελφῷ
2499 3336 2512 3358 ,
2545 3291 2732 3346 διελὼν
2772 3292 2838 3344 τὰ
2876 3291 3254 3344 ἀποσταλέντα
3272 3327 3301 3353 ,.
3328 3291 3425 3344 καὶ

1834 3380 2051 3444 ἐντολὰς
2093 3375 2362 3440 δεδωκὼς,
2407 3376 2548 3428 ὥστε
2595 3375 2688 3426 καὶ
2724 3372 2812 3426 διὰ
2844 3372 2952 3425 τῶν
2983 3371 3157 3440 λόγων
3195 3370 3424 3442 ἐξευμε-

1833 3459 2112 3520 νίσασθαι,
2148 3458 2243 3510 καὶ
2275 3454 2427 3528 [564]
2462 3452 2702 3524 μηνῦσαι
2736 3452 2834 3523 τὴν
2862 3451 3058 3504 ἑαυτοῦ
3097 3451 3422 3521 παρουσίαν.

1833 3541 2057 3595 Ειπατε
2085 3537 2215 3606 γὰρ,
2246 3535 2432 3605 φησιν,
2474 3532 2560 3585 ὅτι
2595 3531 2751 3585 ἰδοὺ
2784 3535 2815 3582 ό
2846 3529 2987 3594 παῖς
3029 3545 3144 3583 σου
3172 3529 3425 3599 παρατί-

1832 3617 1999 3674 νεται
2031 3617 2224 3669 ὀπίσω
2248 3611 2418 3684 ἡμῶν
2437 3628 2448 3641 ·
2473 3611 2614 3663 ὥστε
2644 3610 2909 3679 πρότερον
2946 3607 3420 3676 ὲξευμενίσασθαι,

1833 3703 1927 3755 καὶ⁵
1955 3700 2076 3752 τότε
2102 3699 2202 3767 τὴν
2243 3696 2384 3750 κατά
2415 3695 2708 3766 πρόσωπον
2739 3689 2903 3742 αὐτοῦ
2940 3687 3195 3755 γενέσθαι
3225 3705 3422 3742 συντυ-

1835 3779 1976 3850 χίαν.
1992 3772 2358 3830 Μετὰτοῦτο
2383 3775 2516 3841 γὰρ,
2537 3771 2724 3840 φησὶν,
2757 3768 2978 3850 ὄψομαι
3001 3769 3064 3818 τὸ
3094 3768 3426 3850 πρόσωπον

1832 3845 2050 3916 αὐτοῦ’
2084 3857 2232 3922 ἴσως
2280 3853 2424 3924 γὰρ,
2476 3853 2641 3921 φησὶ,
2681 3846 3077 3917 προσδέξεται
3117 3845 3184 3898 τὸ
3224 3848 3419 3912 πρόσ-

1833 3939 1998 3994 ωπόν
2022 3952 2164 4006 μου.
2194 3932 2304 3988 Kal
2332 3931 2762 3999 προεπορεύετο
2785 3927 2854 4006 τα
2871 3924 3210 4006 ,δῶραᾲκατὰ
3223 3926 3420 4006 ,προσ-Σ

1833 4034 1997 4072 ωπον
2023 4003 2231 4069 αὐτοῦ.
2270 4011 2408 4065 Ἀλλ’
2437 4013 2540 4082 ὅρα
2575 4025 2664 4080 μοι
2695 4005 2928 4060 ἐνταῦθα
2960 4004 3126 4056 πάλιν
3152 4003 3248 4056 τοῦ
3282 4003 3419 4057 Θεοῦ

1831 4096 1929 4168 τὴν
1959 4096 2166 4164 ἄφατον
2189 4090 2623 4168 φιλανθρωπίαν,
2647 4089 2741 4141 καὶ
2775 4087 2934 4168 ὅπωςΔ
2949 4086 3037 4168 ἀεὶ
3066 4083 3418 4168 καταλλήλας

1831 4163 1930 4245 την
1958 4163 2164 4226 οἰκείαν
2195 4170 2452 4241 πρόνοιαν
2486 4165 2839 4245 ἐνδείκνυται.
2880 4164 3004 4245 ’ξπὶ
3049 4163 3148 4245 μὲν
3169 4163 3288 4245 ’γὰρ
3325 4163 3420 4215 τοῦ

1831 4240 2040 4315 Λάϐαν,
2071 4250 2258 4320 ἐπειδὴ
2287 4250 2315 4301 0
2353 4248 2561 4308 δίκαιος
2596 4243 2748 4297 οὐδὲν
2786 4241 3029 4296 τοιοῦτον
3071 4240 3419 4306 ὑπώπτευεν,

1831 4333 1952 4387 οὐδὲ
1993 4331 2108 4403 ᾔδει
2157 4331 2240 4383 ὅτι
2279 4327 2496 4389 πάντως
2539 4324 2701 4379 αὐτὸν
2753 4321 3192 4403 καταλήψεταιᾲὸ
3219 4322 3424 4403 -ᾼάϐαν

1833 4412 1974 4481 μετὰ
1996 4399 2192 4481 πολλῆς
2220 4409 2320 4478 τῆς
2349 4407 2525 4477 ὁρμῆς
2547 4405 2640 4457 ἐπὶ
2663 4403 2726 4456 :0
2755 4401 3070 4472 ἀμύνασθαι
3096 4399 3188 4454 τὸν
3211 4401 3423 4455 δίκαιον

1831 4492 1930 4561 τῆς
1961 4490 2136 4561 λάθρα
2165 4487 2462 4556 γενομένης
2489 4484 2892 4553 ἀναχωρήσεως
2923 4482 3108 4543 ἕνεκα,
3133 4481 3210 4550 τῷ
3233 4481 3422 4537 Λάϐαν

1832 4570 2117 4638 ἐπιφανεὶς
2150 4566 2500 4621 καταστέλλει
2542 4561 2711 4617 αὐτοῦ
2747 4561 2844 4631 τὴν
2883 4561 3084 4632 ὁρμὴν,
3119 4562 3214 4614 καὶ
3242 4563 3424 4616 ἐντέλ-

1832 4649 1982 4702 λεται
2007 4648 2173 4719 μηδὲν
2205 4645 2282 4716 τῷ
2311 4643 2504 4698 Ἰακὼϐ
2534 4642 2668 4713 μηδὲ
2699 4644 2756 4694 ἐν
2785 4643 2992 4712 ῥήμασι
3021 4640 3263 4711 λυπηρὸν
3283 4643 3421 4696 ἀπο-

1831 4725 2277 4800 κρίμαθαιἽΗὴ
2327 4723 2602 4791 λαλήσῃς
2656 4721 2791 4800 γὰρ,
2828 4721 2981 4800 φησὶ,
3021 4721 3173 4800 μετὰ
3225 4720 3428 4800 Ἰακὼϐ

1831 4799 2102 4874 πονηρόν
2124 4823 2136 4835 ο
2171 4804 2268 4856 καὶ¹
2291 4801 2451 4856 τοῦτο
2478 4801 2748 4872 ᾠκονόμει
2774 4799 2860 4853 διὰ
2886 4799 2986 4870 τῆς
3012 4799 3223 4852 ἐκείνου
3248 4799 3423 4867 γλώτ-

1829 4904 1929 4957 της
1979 4883 2253 4956 γνώριμον
2287 4882 2538 4952 γενέσθαι
2579 4881 2656 4952 τῷ
2709 4879 2933 4948 δικαίῳ,
2967 4877 3053 4930 ἵνα
3086 4877 3273 4947 μαθὼν
3321 4879 3422 4946 τὴν

1832 4967 1962 5037 περὶ
2009 4966 2171 5018 αὐτὸν
2204 4963 2580 5033 γεγενημένην
2626 4960 2940 5030 οἰκονομίαν
2969 4957 3314 5029 Θαρσαλεὼτε
3329 4974 3421 5029 ρον

1831 5047 2098 5116 καταστῇ.
2139 5044 2274 5098 Νυνὶ
2320 5043 2416 5107 δὲ,
2469 5041 2658 5110 ἐπειδὴ
2687 5044 2716 5094 0
2761 5038 2987 5108 ἀδελφὸς
3041 5037 3139 5109 μὲν
3173 5037 3278 5089 ὐπὸ
3326 5037 3418 5090 τοῦ

1831 5126 2023 5197 χρόνου
2055 5124 2312 5194 λωφήσας
2349 5118 2439 5192 ἦν,
2481 5121 2576 5173 καὶ
2606 5119 2695 5172 τὸν
2739 5118 2907 5188 Θυμὸν
2932 5119 3026 5197 xu}
3061 5117 3160 5197 τὴν
3207 5116 3416 5197 ἀγανά-

1831 5189 2022 5272 κτησιν
2052 5189 2266 5267 παύσας
2294 5189 2390 5274 τὴν
2418 5199 2562 5253 κατά
2592 5199 2684 5251 τοῦ
2713 5196 2928 5260 Ἰακὼϐ,
2954 5189 3107 5258 οὗτος
3130 5196 3185 5248 δὲ
3213 5194 3423 5264 ἐναγώ-

1830 5301 1941 5348 νιος
1969 5279 2056 5355 ἦν,
2088 5281 2340 5344 δεδοικὼς
2378 5279 2474 5332 καὶ
2511 5275 2729 5347 τρέμων
2768 5276 2860 5328 τοῦ
2891 5274 3122 5344 ἀδελφοῦ
3159 5275 3258 5355 τὴν
3293 5291 3422 5355 συν-

1829 5354 2036 5434 τυχίαν,
2075 5363 2103 5414 0
2137 5360 2339 5430 ἀγαθὸς
2364 5357 2646 5426 Δεσπότης
2670 5355 2775 5409 οὐκ
2807 5355 2887 5410 ἔτι
2915 5355 2993 5426 τῷ
3033 5354 3203 5408 Ἠσαῦ
3237 5354 3420 5434 ἐντέλ-

1829 5443 1980 5497 λεται
1995 5459 2008 5472 ·
2036 5441 2156 5495 οὐδέ
2174 5443 2282 5512 γὰρ
2301 5438 2615 5493 ἐϐουλεύετό
2634 5455 2689 5491 τι
2714 5437 2856 5490 κατά
2875 5437 2968 5490 τοῦ
2990 5434 3224 5504 ἀδελφοῦ
3243 5451 3259 5468 ο
3283 5433 3421 5489 ἀλλά

1826 5523 1918 5576 τὸν
1945 5522 2152 5576 δίκαιον
2186 5519 2614 5590 παραμυθεῖται.
2647 5516 2802 5570 Μετὰ
2831 5515 2940 5587 γὰρ
2971 5516 3031 5569 τὸ
3069 5513 3413 5578 ἀποστεῖλαι,

1829 5605 1998 5675 φησὶ,
2046 5603 2172 5665 τοὺς
2219 5601 2286 5654 τὰ
2333 5599 2483 5669 δῶρα
2529 5594 2998 5675 ἀποκομίξοντας,
3056 5595 3416 5675 καθευδῄσας,

1831 5672 1984 5755 φησὶ,
2022 5681 2113 5736 καὶ
2171 5679 2464 5746 Ἀναστὰς
2494 5679 2564 5732 έν
2595 5674 2670 5745 τῇ
2697 5672 2871 5730 νυκτὶ
2907 5675 3133 5744 ἐκείνῃ,
3167 5673 3416 5742 διήγαγε

1879 5815 1906 5855 b
1932 5815 2076 5864 linis].
2101 5811 2343 5862 ἱκανοῦταί
2365 5829 2464 5872 μοι,
2479 5819 2531 5860 ει
2553 5811 2700 5872 paulo
2711 5809 2986 5872 ροςιόιρκεῖς
3006 5826 3084 5871 μοι
3095 5809 3180 5867 τὴν
3204 5803 3407 5857 ἐπὶτοῦ.’

1884 5880 1906 5907 ε
1937 5877 2035 5924 Sex
2063 5889 2176 5924 mss.
2202 5875 2298 5923 ἀπὸ
2319 5870 2405 5922 τοῦ
2437 5870 2661 5931 πλήθους,
2682 5870 2808 5919 forte
2833 5870 3029 5920 melius.

1884 5939 1912 5978 ά
1940 5940 2036 5988 Sex
2062 5951 2176 5986 mss.
2203 5937 2374 5998 γυμνὸν
2394 5937 2505 5985 ὄντα
2523 5936 2604 5982 καὶ
2629 5934 2803 5994 ἔρημον
2827 5933 2909 5987 είς.
