3782 6326
149 324 293 381 509

140 820 270 859 rus
294 816 453 869 esset,
487 808 537 860 in
568 806 732 877 ﬁgura
762 808 990 863 hominis
1020 811 1205 865 luctari
1239 827 1359 865 cum
1394 813 1538 882 justo
1567 813 1755 867 voluit.

140 898 378 955 Deinde
406 900 591 955 videns
618 916 677 957 se
706 903 845 957 vinci
876 904 978 975 (α),
1019 903 1109 959 25.
1155 906 1515 975 Apprelteudit,
1564 907 1750 975 inquit,

139 990 492 1047 latitudinem
529 996 733 1065 femoris
770 997 898 1067 ejus.
950 995 1139 1049 Totum
1182 1009 1359 1051 autem
1410 999 1509 1051 hoc
1558 998 1752 1052 factum

136 1092 276 1149 est,
304 1093 364 1138 ut
389 1099 447 1140 se
486 1087 627 1139 illius
666 1087 949 1141 humilitati
981 1097 1376 1156 attemperaret,
1418 1089 1749 1143 formidinem

134 1189 229 1225 ex
260 1175 435 1228 anima
460 1176 587 1243 justi
616 1177 893 1242 eximeret,
936 1190 988 1230 et
1024 1178 1364 1245 persuaderet
1403 1180 1473 1243 ei,
1520 1190 1577 1232 ut
1617 1180 1748 1233 citra

136 1279 420 1333 :mgorcm
450 1266 595 1319 fratri
627 1276 951 1321 occurreret.
986 1267 1115 1322 Nunt
1145 1282 1264 1321 cum
1290 1270 1547 1322 tenuisset
1575 1271 1751 1322 latitu-

132 1352 345 1407 dinem
389 1354 603 1409 femoris
640 1355 823 1421 Iacob,
857 1355 1119 1409 Emarcuit
1165 1358 1379 1410 latitudo
1414 1360 1617 1429 femoris
1654 1359 1750 1411 Ja-

134 1446 276 1507 cob,
308 1462 418 1498 cum
460 1447 819 1501 colluctaretur
856 1448 943 1501 ille
982 1464 1095 1500 cum
1136 1465 1213 1501 eo.
1258 1450 1457 1502 Deinde
1488 1459 1543 1502 nt
1586 1452 1745 1504 sciret

131 1535 329 1591 Jaeob
361 1538 607 1593 virtutem
634 1540 749 1607 ejus
776 1556 932 1607 quem
961 1555 1140 1594 secum
1174 1541 1359 1595 luctari
1391 1543 1628 1610 putabat,
1661 1543 1744 1595 di-

132 1629 232 1680 cit
253 1629 318 1682 ad
342 1645 462 1683 eum
508 1648 521 1684 :
566 1629 657 1684 26.
704 1630 913 1685 Dimitte
946 1649 1023 1685 me
1039 1648 1059 1696 ;
1103 1633 1327 1686 ascendit
1374 1636 1503 1687 enim
1533 1652 1739 1688 aurora.

131 1722 411 1774 Sentiens
443 1721 600 1789 igitur
624 1721 798 1791 justus
821 1723 1235 1793 magnitudinem
1260 1725 1470 1778 virtutis
1490 1726 1621 1794 ejus,
1651 1727 1741 1796 qui

135 1812 275 1864 tunc
301 1812 398 1863 subi
425 1812 651 1874 dixerat,
683 1811 819 1866 dixit
856 1830 868 1865 :
900 1813 1111 1867 Minime
1142 1825 1186 1867 te
1225 1817 1497 1881 dimittam,
1531 1818 1629 1870 nisi
1664 1835 1743 1871 me

130 1901 487 1957 benedixeris.
522 1904 708 1973 Magna
738 1916 1099 1975 consequutus
1136 1922 1277 1971 sum,
1320 1919 1373 1961 et
1416 1925 1534 1978 qua:
1575 1925 1734 1979 supra

132 2009 330 2047 meam
358 2007 480 2047 sunt
505 1996 810 2065 dignitatem
840 2014 853 2050 :
886 2014 988 2052 non
1019 1998 1163 2066 prius
1200 2010 1251 2053 te
1290 2000 1606 2068 relinquam,
1636 2003 1736 2056 d0-

131 2099 252 2136 nec
286 2084 709 2139 benedictionem
746 2102 772 2138 a
820 2096 868 2140 te
890 2088 1163 2156 accipiam.
1213 2090 1411 2144 Deinde
1446 2091 1592 2156 dicit,
1642 2092 1731 2147 27.

135 2176 309 2240 Quod
337 2192 516 2229 nomen
542 2188 681 2229 tuum
702 2180 815 2231 est?
846 2178 971 2233 Vide
999 2180 1187 2233 iterum
1215 2193 1469 2250 quautunt
1494 2198 1612 2238 sese
1636 2186 1735 2239 l.u-

129 2265 322 2319 tnilitt
346 2276 400 2320 et
422 2276 751 2336 attemperet.
776 2267 909 2322 Nam
937 2269 981 2324 si
1007 2286 1112 2325 non
1136 2271 1533 2343 interrogasset,
1564 2277 1707 2330 nesci

129 2358 457 2427 vissetjusti
485 2362 716 2415 nomen?
739 2361 948 2416 Sciebat
969 2364 1148 2433 utique
1170 2381 1180 2417 :
1206 2365 1297 2418 sed
1319 2366 1732 2437 interrogatione

126 2453 260 2505 vult
287 2453 402 2521 ejus
438 2453 680 2507 ﬁduciam
709 2455 958 2515 solidare.
991 2465 1045 2509 et
1072 2456 1265 2510 docere
1294 2459 1411 2526 quis
1454 2461 1522 2511 sit
1563 2461 1651 2529 qui
1681 2462 1726 2515 ci

125 2541 413 2611 loquatur.
444 2543 509 2596 Et
535 2553 813 2613 postquam
842 2545 993 2609 dixit,
1023 2544 1209 2607 Iacob,
1233 2545 1322 2599 28.
1358 2549 1525 2616 inquit
1559 2566 1571 2600 :
1607 2549 1729 2602 Non

124 2635 406 2687 vocabitur
455 2652 633 2688 nomen
676 2646 814 2689 tuum
852 2638 1032 2703 Jacob,
1075 2639 1163 2691 sed
1201 2638 1369 2692 Israel
1406 2641 1497 2693 erit
1547 2658 1727 2696 nomen

124 2734 309 2777 tuum.
342 2725 591 2792 Quoniam
614 2728 659 2779 si
684 2737 862 2780 contra
886 2727 1051 2781 Deum
1078 2729 1227 2798 fortis
1246 2732 1405 2800 fuisti,
1438 2733 1594 2783 multo
1622 2748 1730 2783 ma-

125 2819 217 2886 gis
249 2827 425 2870 contra
450 2819 673 2872 homines
696 2829 868 2889 potens
892 2821 1009 2874 eris.
1040 2820 1226 2873 Vidisti
1250 2823 1517 2890 quomodo
1544 2832 1726 2875 osten-

121 2910 218 2962 dit
248 2920 411 2962 tatam
449 2924 682 2975 causam,
717 2921 931 2980 propter
955 2927 1112 2980 quam
1144 2911 1277 2965 adeo
1314 2929 1372 2966 sc
1396 2912 1628 2973 demisit.
1671 2924 1725 2969 et

122 3000 299 3054 simul
327 3001 505 3055 docuit
538 3001 737 3070 justum
778 3018 872 3071 per
903 3003 1131 3057 nominis
1173 3002 1564 3073 impositionem
1606 3008 1725 3074 quis

122 3101 283 3146 esset
303 3108 457 3162 quem
482 3094 672 3147 viderit
694 3103 746 3148 et
762 3094 1245 3163 comprehenderit.
1279 3095 1397 3149 Non
1427 3097 1562 3150 ultra
1580 3099 1725 3152 enim

121 3184 395 3238 vocaberis
420 3184 602 3251 Iacob,
632 3186 721 3239 sed
744 3186 913 3239 Israel
939 3188 1031 3239 erit
1055 3204 1233 3240 nomen
1264 3198 1423 3241 tuum.
1454 3188 1609 3243 lsraél
1632 3204 1725 3243 au-

125 3288 273 3343 tem,
305 3278 347 3331 si
376 3278 493 3345 quis
523 3277 918 3348 interpretetur,
947 3290 1119 3344 sonat,
1146 3279 1342 3333 Videns
1368 3280 1552 3334 Deum.
1574 3279 1722 3346 Quo-

124 3369 281 3419 niam
311 3368 447 3422 sicut
471 3368 653 3422 videre
681 3368 877 3421 homini
913 3369 1163 3437 possibile
1201 3380 1303 3435 est,
1336 3371 1499 3425 Deum
1541 3372 1723 3426 videre

122 3458 419 3511 meruisti:
451 3470 728 3527 propterea
767 3469 821 3513 et
856 3459 994 3513 hanc
1034 3460 1443 3529 appellationem
1491 3461 1583 3515 tibi
1618 3461 1722 3516 im-

125 3568 304 3621 pono,
335 3562 389 3607 ut
419 3554 666 3608 omnibus
694 3555 921 3623 posteris
950 3554 1287 3607 manifestum
1324 3555 1416 3620 sit,
1450 3571 1608 3624 quam
1648 3557 1724 3608 vi-

122 3646 344 3699 sionem
371 3656 687 3715 assequutns
712 3646 894 3700 fueris.
927 3646 992 3699 Et
1021 3646 1272 3715 SUIIjICIl:
1308 3646 1558 3711 Quoniam
1588 3663 1722 3715 pra:-

123 3738 339 3790 raluisti
362 3748 536 3790 contra
566 3736 750 3801 Deum,
791 3746 836 3789 et
876 3746 1051 3790 contra
1080 3737 1311 3791 homines
1347 3746 1522 3806 potens
1562 3739 1660 3791 eris
1703 3756 1721 3791 :

124 3828 268 3881 nihil
298 3828 522 3897 amplius
553 3830 680 3883 time
716 3831 756 3894 ⁸,
784 3844 959 3898 neque
1004 3829 1257 3883 damnum
1287 3828 1498 3899 aliquod
1527 3846 1721 3899 exspe-

123 3932 273 3984 ctes,
306 3921 445 3989 quod
473 3922 539 3975 ab
565 3923 741 3991 aliquo
766 3921 924 3976 feras.
960 3922 1090 3975 Nam
1118 3922 1207 3991 qui
1235 3930 1433 3976 tantam
1473 3924 1719 3978 virtutem

126 4013 415 4081 accepisti,
449 4024 505 4067 nt
531 4028 650 4066 cum
683 4014 790 4067 Deo
829 4013 1013 4067 luctari
1055 4013 1304 4078 valueris,
1346 4015 1515 4069 multo
1554 4016 1722 4085 magis

128 4104 385 4158 homines
415 4104 709 4172 super-abis,
739 4114 793 4158 et
819 4105 1043 4159 invictus
1071 4104 1318 4159 omnibus
1353 4106 1480 4161 eris.

206 4198 262 4251 5.
307 4196 397 4250 llis
445 4196 637 4250 auditis
652 4197 826 4265 justus
876 4196 1259 4267 obstupescens
1307 4197 1719 4267 magnitudinem

126 4287 255 4354 ejus
283 4287 371 4357 qui
400 4302 581 4341 secum
608 4287 1032 4357 colloquebatur,
1062 4288 1191 4343 dicit
1218 4289 1267 4342 ei
1305 4306 1317 4341 :
1347 4287 1436 4343 29.
1466 4288 1722 4342 Annuntia

130 4378 264 4431 mihi
289 4395 470 4432 nomen
495 4390 654 4433 tuum.
680 4379 747 4432 Et
773 4380 903 4457 dixit
935 4394 954 4433 :
977 4378 1081 4433 Cur
1107 4381 1289 4449 quieris
1310 4397 1490 4434 nomen
1517 4380 1722 4434 meum?

130 4471 205 4525 Et
236 4472 486 4526 benedixit
510 4488 645 4526 eum.
677 4471 819 4526 Intra
845 4482 962 4526 tuos
985 4472 1201 4539 limites,
1239 4473 1432 4541 inquit,
1467 4488 1639 4535 mane.
1668 4483 1723 4527 et

132 4581 206 4620 ne
236 4564 642 4634 transgrediaris
687 4580 987 4619 mensuram
1029 4574 1194 4618 tuam.
1227 4564 1319 4619 Vis
1353 4581 1524 4619 meam
1556 4566 1720 4621 bene—

130 4657 425 4711 dictionem
453 4656 731 4710 obtinere?
764 4657 901 4710 Ecce
925 4670 1046 4710 eam
1076 4655 1168 4709 tibi
1189 4655 1279 4710 do.
1312 4656 1445 4710 Dicit
1468 4656 1631 4721 enim,
1656 4656 1722 4709 Et

129 4749 390 4803 benedixit
432 4765 565 4802 eum.
606 4748 695 4803 50.
742 4746 810 4800 Et
847 4748 1063 4811 vocavit,
1095 4747 1302 4817 inquit,
1339 4746 1500 4800 Iacob
1543 4762 1721 4800 nomen

135 4841 237 4895 loci
264 4841 423 4904 illius,
458 4839 691 4907 Speciem
730 4837 841 4891 Dei.
889 4837 1000 4890 Vidi
1036 4838 1168 4891 enim
1204 4836 1368 4890 Deum
1397 4838 1526 4905 facie
1550 4837 1617 4889 ad
1642 4837 1724 4905 fi.-

134 4932 285 4994 ciem,
314 4938 361 4982 et
390 4928 532 4983 salva
558 4932 695 4999 facta
724 4938 795 4982 est
823 4928 995 4981 anima
1026 4945 1155 4982 mea.
1190 4927 1353 4982 Vides
1378 4937 1632 4997 quantum
1671 4930 1719 4982 ei

135 5023 347 5078 ﬁducia:
372 5038 401 5075 a
442 5022 646 5076 visione
684 5022 753 5075 sit
790 5021 1053 5075 inditum?
1083 5021 1241 5076 Salva
1287 5024 1423 5091 facta
1451 5031 1523 5074 est
1552 5021 1722 5074 anima

199 5154 215 5183 ¹
253 5150 472 5213 Quinque
496 5157 624 5208 Mss.,
648 5149 881 5199 neminem
905 5149 1109 5213 amplius
1126 5149 1256 5199 time.

199 5214 275 5274 (ιι)
310 5210 406 5260 Hic’
422 5213 582 5261 series
613 5225 669 5260 se
707 5210 1249 5260 intricatamexhibere
1293 5211 1458 5272 incipit
1490 5223 1503 5274 ς
1540 5222 1649 5274 nam
1681 5210 1723 5259 si

136 5269 287 5323 ita‘se
312 5274 508 5341 habeat,
533 5280 587 5341 ut
608 5274 657 5341 in
682 5274 827 5341 alitis
848 5281 899 5322 et
932 5274 981 5341 in
1004 5274 1330 5341 Manuscriptis
1349 5269 1723 5341 ointnbnslcgi-

136 5345 235 5393 tur,
261 5336 407 5383 Jacob
426 5336 535 5405 “se
560 5336 609 5405 in
634 5333 759 5383 lucta
785 5336 936 5405 victus
958 5332 1121 5405 fuerit,
1149 5332 1253 5395 ipse
1282 5335 1502 5405 dixerit“:
1532 5332 1725 5405 pinnae

136 5412 231 5454 me.
257 5394 474 5446 ascendit
491 5395 618 5446 enim
638 5409 833 5445 aurora.
880 5403 935 5445 Et
970 5403 1132 5445 tamen
1164 5394 1259 5443 non
1292 5396 1433 5443 modo
1463 5394 1726 5442 Hebraieus

138 5468 325 5525 textus,
358 5471 625 5525 anesque
656 5465 953 5525 Interpretes
984 5458 1092 5525 hare
1108 5456 1257 5506 verba
1279 5456 1457 5525 dicunt_
1473 5469 1583 5503 esse
1608 5456 1726 5525 ejus

135 5524 219 5582 qui
247 5521 516 5583 luctabatur
540 5516 647 5583 cum
672 5532 759 5578 eo;
785 5516 877 5583 Sed
898 5532 1004 5583 ipse
1048 5520 1414 5583 Chrysostomus
1444 5518 1565 5565 in.ra
1589 5516 1723 5583 dicit,

137 5576 350 5649 s'entiens
369 5580 518 5644 igitur
530 5581 694 5649 justus
718 5576 1096 5649 magnitudinem
1140 5576 1326 5649 uirtutis
1369 5580 1474 5649 ejus
1518 5576 1726 5649 quisibi

135 5643 243 5695 han:
269 5640 479 5692 dixeiat.
499 5640 817 5702 Quamobrem
839 5642 1027 5691 videtur
1057 5642 1215 5690 series
1243 5640 1537 5702 aliquantum
1561 5641 1726 5687 vitiata

141 5719 272 5754 esse.
299 5712 409 5777 etut
433 5712 525 5761 est,
551 5712 757 5765 textum,
792 5702 926 5756 nullo
970 5702 1266 5766 sutiragante
1300 5702 1490 5763 codice,
1535 5708 1726 5750 mutare

148 5783 245 5818 non
260 5780 362 5816 ausi
384 5779 566 5817 sumus.

1207 326 1269 387 IN
1298 334 1446 389 CAP.
1490 333 1702 389 XXXII.
1739 333 1979 392 CENES.
2022 338 2247 392 IIUMIL.
2290 339 2468 395 LVIII.

147 442 309 496 bodi
335 462 351 508 ;
380 440 469 498 23.
500 449 545 497 et
571 444 760 514 accepit
784 462 886 510 eos,
916 456 960 499 et
998 449 1192 499 transiit
1220 460 1505 503 torrentem.
1537 450 1625 503 ει.
1660 449 1761 502 Ile-

147 534 333 588 Iictus
361 546 433 587 est
462 546 627 588 autem
652 536 813 589 Jacob
841 539 1000 603 solus,
1047 549 1094 591 et
1136 539 1417 593 luctabatur
1455 542 1601 593 homo
1647 557 1761 594 cum

142 639 260 679 eo.
305 624 483 693 Magna
532 626 740 680 Domini
790 627 1088 683 clementia.
1136 631 1393 694 Quoniam
1441 646 1760 684 occursurus

142 728 293 769 erat
319 715 486 782 fratri,
517 725 573 770 ut
600 718 759 771 sciret
786 720 958 787 reipsa
986 720 1126 788 quod
1157 720 1288 774 nihil
1323 736 1567 789 asperum
1615 722 1757 775 latu-

3351 353 3453 407 510

1870 466 2014 513 mea,
2068 467 2185 521 quae
2234 465 2350 509 erat
2398 460 2779 527 pr0pemodnm
2831 473 3035 517 mortua
3079 480 3192 536 pne
3237 469 3444 525 timore.

1867 540 2127 605 Quoaiam
2169 544 2347 598 videre
2378 547 2505 600 mihi
2545 549 2726 603 datum
2767 562 2849 606 est
2894 553 3057 607 Deum
3104 559 3235 613 tacie
3273 559 3339 613 ad
3372 562 3450 613 fa-

1864 632 2024 688 ciem.
2056 631 2214 685 Salva
2235 634 2372 702 facta
2400 645 2472 689 est
2500 639 2670 691 anima
2700 657 2828 696 mea.
2863 643 2950 696 51.
3002 642 3156 698 Ortus
3180 658 3252 701 est
3285 660 3449 704 autem

1864 718 1907 769 ei
1935 719 2030 778 sol.
2061 723 2260 786 quando
2284 726 2523 790 prmteriit
2546 727 2671 779 visio
2696 727 2812 781 Dei.
2842 729 3029 785 Vidisti
3060 739 3328 801 quomodo
3366 740 3447 793 in-

1863 806 2097 861 ﬁrmitati
2126 810 2368 866 humana:
2403 814 2655 870 Dominus
2698 834 2817 873 sese
2857 830 3236 893 attemperaus,
3266 832 3444 885 omnia

1860 899 1967 964 agit
1995 909 2048 952 et
2076 908 2284 966 tractat,
2312 912 2368 955 ut
2397 918 2544 957 suam
2576 906 2955 976 benignitatem
2981 913 3247 969 declaret?
3283 919 3349 971 Et
3378 936 3445 975 ne

1858 986 2162 1052 admireris,
2206 992 2419 1056 dilecte,
2451 995 2592 1063 quod
2633 1005 2775 1051 tanta
2814 1000 2884 1053 sit
2922 1001 3263 1073 indulgentia:
3303 1008 3444 1063 illius

1858 1080 2164 1148 magnitudo
2190 1101 2203 1135 :
2231 1083 2324 1136 sed
2349 1087 2517 1153 cogita
2544 1089 2809 1154 quomodo
2848 1100 2901 1145 et
2941 1096 3273 1161 patriarchae,
3318 1115 3440 1153 cum

1856 1170 1993 1238 apud
2024 1186 2276 1239 quercum
2300 1175 2531 1241 sederet,
2562 1177 2615 1230 in
2645 1177 2875 1233 hominis
2903 1184 3065 1251 ﬁgura
3092 1202 3209 1239 cum
3235 1190 3440 1256 angelis

1855 1259 2050 1327 hospes
2076 1263 2251 1329 fuerit,
2285 1266 2608 1334 praesignans
2650 1271 2802 1324 nobis
2831 1271 2941 1340 jam
2976 1276 3143 1329 multo
3185 1290 3340 1331 antea
3384 1291 3439 1334 et

1853 1348 1922 1400 ab
1949 1349 2098 1404 initio
2127 1366 2186 1405 se
2217 1354 2498 1408 humanam
2524 1366 2765 1412 naturam
2794 1373 3160 1431 suscepturum
3189 1382 3308 1422 esse
3328 1408 3346 1434 ,
3378 1381 3435 1424 ut

1851 1441 1929 1495 sic
1948 1456 2158 1497 oinnem
2187 1445 2468 1500 humanam
2496 1459 2738 1504 naturam
2783 1466 2812 1504 a
2841 1454 3035 1508 diaboli
3066 1460 3341 1526 tyrannide
3373 1463 3435 1515 li-

1851 1532 2083 1599 bet-aret,
2116 1547 2165 1590 et
2196 1537 2261 1589 ad
2287 1538 2513 1592 salutem
2545 1541 2844 1597 reduceret.

1932 1624 2126 1679 Veritas
2171 1628 2534 1684 incarnationis
2580 1633 2908 1699 declaratur;
2951 1637 3305 1704 beneficiorum
3344 1641 3433 1695 Dei

1846 1731 2170 1772 monumenta
2200 1722 2251 1774 in
2280 1722 2644 1792 Scriptura.——
2660 1724 2855 1779 Verum
2887 1736 3009 1781 tunc
3035 1730 3270 1798 quidem,
3299 1748 3431 1801 quo-

1848 1807 1987 1861 niam
2020 1810 2163 1863 initia
2194 1825 2246 1864 et
2276 1815 2532 1882 principia
2562 1826 2732 1881 erant,
2770 1820 2820 1870 in
2849 1818 3010 1888 ﬁgura
3043 1822 3327 1892 unicuique
3361 1825 3428 1877 il-

1846 1897 2016 1952 lorum
2044 1902 2352 1971 apparebat,
2380 1906 2518 1959 sicut
2549 1906 2665 1975 ipse
2698 1923 2791 1976 per
2815 1910 2977 1962 alium
3007 1913 3319 1979 praphctam
3348 1916 3431 1969 di-

1842 1989 1913 2042 cit
1943 2006 1958 2040 :
1989 1990 2100 2060 Ego
2130 1993 2342 2048 visiones
2369 1998 2716 2066 nudtiplicavi,
2741 2009 2784 2051 ct
2813 2002 2862 2051 in
2890 2004 3120 2056 munibus
3150 2007 3423 2073 prop/teta-

1840 2097 1952 2133 rum
1979 2084 2286 2139 assimilatas
2327 2104 2435 2139 sum
2475 2088 2627 2156 (Osee
2676 2092 2761 2143 1:2.
2798 2092 2887 2160 10)
2934 2110 2945 2143 :
2994 2093 3205 2163 quando
3247 2107 3423 2154 autem

1838 2171 2084 2242 dignatus
2111 2186 2194 2231 est
2224 2179 2476 2233 Dominus
2500 2180 2783 2236 humanam
2808 2181 3032 2239 formam
3056 2189 3348 2257 suscipere,
3372 2201 3427 2246 et

1841 2268 2097 2332 prnuitius
2128 2282 2335 2323 nostras
2364 2272 2620 2339 recipere,
2655 2291 2755 2326 non
2790 2276 2839 2326 iu
2871 2278 3032 2343 tigura
3067 2295 3235 2345 neque
3261 2296 3426 2349 appa-

1838 2366 2043 2410 rentem
2077 2368 2278 2413 tantum
2309 2375 2546 2425 carnem,
2579 2363 2673 2416 sed
2702 2379 2884 2418 veram
2915 2366 3104 2420 induit.
3140 2369 3207 2422 Et
3227 2386 3424 2438 capro-

1837 2458 1953 2513 pter
1998 2450 2160 2501 voluit
2208 2465 2301 2517 per
2342 2453 2518 2504 omnia
2566 2464 2743 2506 nostra
2790 2458 3050 2523 transire,
3094 2474 3155 2512 ex
3203 2461 3424 2517 muliere

1835 2540 2002 2602 nasci,
2036 2539 2208 2595 infans
2238 2540 2373 2606 ﬁeri,
2418 2545 2714 2611 panniculis
2759 2546 2974 2613 involvi,
3003 2559 3057 2601 et
3092 2550 3225 2603 lacte
3257 2553 3419 2618 pasci,

1832 2629 2043 2699 aliaque
2087 2634 2262 2686 omnia
2308 2633 2466 2699 ferre,
2506 2644 2563 2688 ut
2604 2636 3016 2703 dispensationis
3063 2641 3255 2694 veritas
3284 2657 3417 2711 fcre-

1831 2718 2048 2774 dibilior
2102 2732 2279 2785 esset,
2335 2734 2387 2777 et
2435 2724 2807 2779 haereticorum
2868 2742 2959 2779 ora
3022 2729 3417 2785 obturarcntnr.

1833 2810 2117 2879 Propterea
2175 2822 2230 2867 et
2283 2813 2482 2868 dormit
2539 2816 2588 2867 in
2649 2817 2808 2878 navi,
2880 2825 2934 2869 ct
2992 2818 3091 2871 iter
3151 2819 3304 2882 facit,
3365 2831 3420 2875 et

1828 2902 2111 2973 fatigatur,
2162 2914 2215 2958 et
2262 2907 2439 2958 omnia
2487 2906 2716 2959 humana
2767 2907 3028 2969 sustinet,
3081 2920 3135 2961 ut
3181 2926 3273 2977 per
3328 2926 3413 2967 res

1829 2993 1974 3065 ipsas
2041 2995 2307 3064 certisque
2363 2997 2693 3064 argumentis
2762 2998 3077 3063 persuadeat
3145 3000 3413 3055 OflltllbllS.

1829 3084 2053 3155 Propter
2082 3087 2186 3140 hoc
2230 3088 2391 3141 etiam
2433 3088 2679 3141 tribunali
2726 3088 2925 3153 adstat,
2968 3098 3024 3144 et
3067 3092 3411 3161 cruciﬁgitur,

1828 3186 2159 3247 mortemque
2188 3179 2417 3232 sustinet
2444 3179 3022 3247 ignominiosissimam,
3054 3190 3109 3235 rt
3150 3183 3201 3235 in
3239 3184 3418 3251 sepul-

1827 3283 1921 3322 cro
1949 3270 2182 3337 ponitur,
2219 3280 2275 3325 ut
2311 3286 2407 3325 sua
2450 3272 2744 3325 incarnatio
2776 3287 2870 3340 per
2894 3274 3070 3325 omnia
3113 3275 3203 3327 ﬁat
3246 3275 3418 3328 maui-

1826 3361 1982 3416 festa.
2014 3362 2145 3416 Nam
2173 3363 2219 3417 si
2246 3380 2353 3418 non
2388 3379 2514 3418 vere
2553 3378 2771 3418 carnem
2808 3374 3045 3419 nostram
3084 3368 3369 3435 assumpsit
3399 3384 3412 3420 :

1827 3469 1999 3523 neque
2025 3455 2312 3509 cruciﬁxus
2336 3462 2438 3518 est,
2472 3470 2645 3524 neque
2668 3464 2929 3520 mortuus,
2954 3469 3126 3522 neque
3155 3458 3412 3524 sepultus,

1826 3560 1998 3614 neque
2039 3547 2350 3600 resurrexit.
2394 3546 2545 3613 Quod
2576 3547 2620 3600 si
2648 3562 2752 3599 non
2781 3547 3100 3609 resurrexit,
3148 3548 3322 3601 onmis
3349 3549 3415 3603 de

1828 3636 2195 3690 incarnatione
2223 3651 2403 3691 sermo
2428 3638 2717 3692 subversus
2747 3646 2849 3691 est.
2886 3637 3045 3691 Vides
3076 3639 3127 3690 in
3158 3649 3411 3707 quantam

1826 3725 2212 3779 absurditatem
2238 3725 2478 3780 incidunt
2505 3728 2595 3795 qui
2620 3726 2813 3780 divina:
2842 3726 3131 3797 Scriptum-
3152 3743 3413 3783 eanonem

1824 3815 1976 3885 sequi
2032 3816 2255 3881 nolunt,
2310 3816 2403 3870 sed
2456 3816 2569 3871 suis
2630 3817 3043 3885 cogitationibus
3104 3818 3415 3886 permittunt

1823 3906 2043 3959 omnia?
2088 3907 2281 3961 Verum
2328 3906 2466 3961 sicut
2510 3907 2597 3961 hic
2643 3908 2921 3976 perspicua
2950 3915 3035 3961 est
3080 3908 3296 3972 veritas,
3342 3908 3411 3961 ita

1823 3997 2200 4066 apudjustutn
2232 3997 2381 4051 illum
2434 3998 2600 4067 ﬁgura
2643 3996 2887 4065 quzedam
2931 4004 3066 4058 erat.
3118 4012 3213 4065 per
3250 4012 3409 4066 quam

1821 4089 2004 4158 justus
2034 4090 2214 4144 multis
2241 4092 2571 4160 argumentis
2599 4091 2797 4144 certior
2840 4088 3009 4151 ﬁeret,
3043 4100 3295 4159 quantam
3329 4091 3409 4143 sui

1823 4196 2005 4236 curam
2037 4183 2174 4237 Deus
2218 4182 2460 4248 haberet,
2509 4192 2563 4237 et
2614 4183 2865 4236 invictum
2915 4198 2974 4236 se
3021 4183 3252 4235 futurum
3291 4197 3411 4237 eSse

1824 4274 2073 4328 omnibus
2102 4275 2191 4344 qui
2222 4275 2322 4329 sibi
2353 4275 2750 4329 insidiarentur.
2784 4275 3002 4337 Deinde,
3032 4285 3085 4329 ut
3118 4276 3411 4344 posteritati

1824 4374 1949 4417 nota
1980 4365 2129 4418 fieret
2154 4366 2269 4434 ejus
2300 4365 2454 4431 visio,
2489 4362 2827 4430 Claudicavit,
2859 4365 3047 4434 inquit,
3081 4366 3271 4432 femore
3290 4381 3405 4419 suo.

1826 4456 1915 4510 52.
1956 4456 2175 4527 Pr0pter
2199 4457 2294 4510 hoc
2322 4474 2423 4510 non
2450 4457 2715 4510 comedunt
2755 4457 2851 4526 ﬁlii
2893 4455 3058 4510 Israel
3089 4473 3294 4510 nervum
3322 4459 3408 4526 qui

1824 4550 2087 4614 emarcuit,
2122 4550 2207 4620 qui
2249 4560 2319 4603 est
2360 4566 2512 4620 super
2556 4548 2871 4601 latitudinem
2900 4544 3125 4618 femoris,
3166 4565 3323 4619 usque
3360 4550 3414 4603 in

1825 4642 1957 4696 hunc
1987 4642 2118 4694 diem
2146 4656 2166 4695 :
2196 4642 2315 4711 quia
2343 4641 2507 4711 attigit
2546 4656 2753 4693 nervum
2797 4655 2947 4709 super
2979 4639 3298 4691 latitudinem
3336 4643 3415 4709 fe-

1826 4734 1977 4788 moris
1997 4732 2178 4799 Jarob,
2206 4743 2251 4786 et
2274 4733 2539 4788 emarcuit.
2567 4732 2827 4799 Quoniam
2855 4732 2997 4785 enim
3029 4731 3203 4800 justus
3230 4730 3416 4799 imple-

1826 4829 1893 4881 tis
1919 4829 2040 4881 vita:
2080 4843 2193 4881 sua:
2230 4826 2406 4893 annis,
2454 4826 2806 4901 emigraturus
2839 4832 2953 4879 erat
2996 4840 3061 4877 ex
3101 4823 3200 4877 hac
3240 4822 3345 4877 vita
3394 4840 3407 4875 :

1826 4921 2106 4990 Oportebat
2130 4928 2306 4974 autem
2336 4918 2725 4988 providentiam
2752 4917 2844 4970 Dei
2887 4916 2939 4969 in
2972 4915 3142 4977 illum,
3183 4922 3238 4968 et
3284 4922 3405 4968 tan-

1826 5022 1932 5067 tam
1964 5014 2055 5067 Dei
2082 5012 2578 5081 attemperationem
2618 5010 2760 5063 omni
2794 5008 3065 5060 hominum
3093 5004 3276 5074 generi
3305 5005 3403 5059 de-

1825 5105 2015 5157 clarari
2047 5122 2058 5155 :
2093 5102 2242 5170 Ideo,
2272 5104 2459 5171 inquit,
2503 5119 2603 5155 non
2642 5101 2905 5154 comedunt
2952 5098 3047 5166 filii
3091 5096 3259 5150 Israel
3293 5113 3409 5149 ner-

1826 5213 1941 5250 vum
1984 5196 2267 5249 latitudinis
2302 5195 2530 5265 femoris,
2573 5194 2657 5262 qui
2702 5191 2963 5245 emarcuit.
3012 5188 3197 5245 Sciens
3226 5204 3411 5243 eorum

1827 5288 2109 5343 admodmn
2140 5288 2398 5356 ingratam
2431 5295 2684 5350 mentem,
2726 5294 2779 5337 et
2822 5298 2977 5351 quam
3025 5281 3181 5335 facile
3219 5282 3411 5335 oblivi-

1827 5389 2042 5433 sc:tntur
2062 5378 2151 5433 Dei
2178 5377 2453 5440 beneficia,
2482 5385 2734 5446 perpetuo
2755 5373 2957 5427 artibus
2987 5372 3300 5443 quibusdam
3331 5372 3411 5427 ef-

1830 5474 1938 5527 ﬁcit
1978 5486 2027 5526 ut
2059 5484 2398 5526 monumenta
2437 5470 2666 5523 habeant
2709 5483 2895 5522 eorum
2940 5482 3058 5536 qua:
3097 5480 3126 5518 a
3171 5480 3228 5517 se
3275 5464 3408 5518 facta

1830 5575 1973 5631 sunt,
2009 5561 2354 5633 providctque
2382 5576 2439 5617 ut
2476 5562 2564 5616 illa
2604 5563 2925 5615 monimenta
2972 5574 3066 5628 per
3111 5556 3411 5624 hnjusmodi

1831 5657 2229 5712 observationes
2253 5654 2655 5718 custodiantur;
2685 5651 2734 5706 id
2776 5651 2916 5722 quod
2962 5665 3055 5720 per
3085 5647 3412 5715 Scripturam

1837 5758 1999 5805 totam
2019 5748 2278 5804 invenies.
2308 5746 2431 5802 llzec
2456 5746 2598 5801 enim
2624 5744 2860 5801 maxima
2885 5756 3043 5798 eausa
3061 5749 3144 5796 est
3162 5738 3413 5809 plurima-
