3782 6258
390 270 489 326 5η

392 403 510 442 rum
540 384 996 451 Observationum,
1024 382 1163 451 quod
1196 382 1323 436 velit
1360 390 1614 451 perpetuo
1646 382 1848 433 futuras
1871 393 1964 448 ge.

392 479 694 533 iterationes
735 475 978 530 meditari
1024 474 1281 528 beneﬁcia
1326 473 1440 537 Dei,
1480 479 1536 527 et
1574 486 1678 525 non
1713 470 1979 525 oblivione

393 583 643 639 umquam
669 566 1013 621 obliterantes
1038 564 1105 619 ad
1132 580 1259 618 suos
1286 578 1500 618 errores
1528 576 1806 617 recurrere
1842 578 1856 614 :
1886 560 1979 630 qni

392 677 510 716 mos
539 661 635 715 fuit
660 659 962 714 Judteorum
992 658 1221 712 maxime
1239 656 1383 727 genti
1410 656 1707 726 peculiaris.
1733 654 1864 710 Nam
1887 654 1978 724 qui

390 752 461 807 de
488 750 759 806 beneﬁciis
780 764 924 819 saepe
949 764 1211 803 summam
1241 764 1348 817 prie
1375 762 1435 801 se
1461 748 1695 801 tulerunt
1719 747 1978 815 ingratam

390 846 755 908 voluntatem,
807 841 973 896 multo
1013 841 1203 909 magis,
1249 840 1349 893 nisi
1380 840 1483 893 hoc
1521 837 1705 892 fuisset
1755 838 1975 903 factum,

390 935 569 989 omnia
598 950 719 1004 qua:
757 948 787 986 a
832 933 939 987 Deo
986 932 1036 985 itt
1079 932 1224 1001 ipsos
1255 929 1389 984 facta
1430 938 1576 993 sunt,
1611 943 1643 983 e
1674 937 1851 982 mente
1884 943 1980 983 sua

391 1026 730 1095 ahjeeissent.
768 1025 1034 1079 Caeterum
1075 1022 1349 1076 videamus
1388 1036 1530 1075 nunc
1567 1018 1839 1090 quomodo
1870 1019 1979 1071 fra-

394 1118 461 1173 tri
497 1134 593 1171 suo
614 1116 847 1171 Jacobus
870 1116 1183 1170 occurrerit.
1213 1114 1497 1181 Postquam
1516 1113 1660 1166 enim
1690 1127 1754 1165 ex
1778 1111 1842 1165 iis
1860 1125 1981 1179 qua:

391 1210 527 1265 facta
556 1217 699 1271 sunt,
734 1208 976 1261 idoneam
999 1206 1206 1275 accepit
1227 1204 1647 1259 consolationem
1670 1213 1723 1256 et
1752 1202 1978 1270 promis-

392 1308 598 1356 slenem
636 1299 776 1369 quod
829 1298 979 1352 fortis
1022 1297 1229 1351 futurus
1275 1303 1440 1360 esset,
1491 1302 1548 1349 et
1589 1304 1779 1363 potens
1816 1293 1980 1346 etiam

393 1400 577 1445 contra
606 1390 869 1452 homines,
903 1389 955 1442 1.
992 1386 1213 1440 Elevatis
1238 1386 1400 1438 oculis
1428 1384 1573 1449 vidit,
1618 1394 1663 1436 et
1692 1398 1806 1437 ecce
1839 1381 1982 1436 Esat't

394 1487 552 1554 frater
581 1483 711 1551 ejus,
741 1491 786 1533 et
808 1478 1163 1548 quadringenti
1183 1478 1276 1529 viri
1302 1492 1419 1530 cunt
1455 1491 1533 1529 eo.
1571 1474 1633 1528 Et
1678 1474 1845 1528 divisit
1886 1473 1982 1527 Ja-

393 1574 485 1629 cob
511 1589 691 1643 pueros
718 1572 784 1624 ad
811 1570 956 1623 Liam
979 1581 1025 1623 et
1054 1568 1265 1635 Rachel,
1296 1577 1341 1622 et
1384 1568 1514 1620 duas
1546 1568 1779 1621 ancillas.
1814 1565 1872 1619 2.
1916 1565 1983 1620 Et

400 1668 567 1735 posuit
595 1664 723 1717 duas
764 1663 977 1717 ancillas
1017 1671 1063 1715 et
1094 1678 1275 1731 pueros
1326 1676 1500 1713 earum
1540 1660 1590 1713 in
1633 1658 1901 1731 principio,
1937 1669 1983 1713 et

396 1757 544 1811 Liam
570 1767 615 1809 et
642 1772 822 1825 pueros
848 1756 956 1825 ejus
984 1765 1155 1823 postea
1177 1794 1192 1817 ,
1236 1764 1282 1807 et
1330 1753 1522 1807 Rachel
1568 1769 1628 1805 ac
1660 1751 1852 1822 Joseplt
1893 1768 1983 1822 po.

398 1851 701 1905 strcmos.3.
740 1847 862 1917 Ipse
885 1858 1053 1902 autent
1091 1848 1342 1918 prwcessit
1375 1858 1492 1901 ante
1536 1863 1621 1901 eos
1663 1856 1709 1901 et
1754 1846 1984 1900 adoravit

396 1958 549 2011 super
587 1951 771 1994 terram
810 1940 1012 2009 septies,
1043 1939 1201 1993 donec
1225 1939 1647 2009 apprOpinquavit
1678 1937 1746 1990 ad
1775 1936 1985 2006 fratrem

394 2053 541 2089 suum
569 2035 720 2106 (Cap.
747 2034 817 2090 28
836 2038 874 2105 ).
907 2034 1041 2089 Vide
1068 2036 1336 2105 quomodo
1365 2034 1628 2088 divisione
1668 2034 1800 2087 facta
1822 2074 1836 2097 ,
1870 2033 1985 2103 ipse

394 2143 505 2197 pra:
536 2128 784 2181 omnibus
817 2128 1066 2180 occurrit.
1102 2124 1169 2179 Et
1207 2126 1437 2178 adoravit
1468 2141 1620 2195 super
1656 2134 1860 2187 terram,
1902 2125 1985 2177 in-

393 2219 527 2288 quit,
558 2219 758 2287 septies,
791 2218 949 2270 donec
979 2217 1407 2288 appropinquavit
1443 2216 1511 2269 ad
1552 2220 1761 2286 fratrem
1785 2232 1934 2269 suum
1967 2230 1987 2269 :

398 2326 492 2379 per
527 2318 728 2379 ge~tus,
760 2318 816 2364 et
842 2324 938 2379 per
965 2309 1329 2363 adorationcm
1360 2307 1579 2363 fratrem
1612 2308 1663 2362 in
1709 2310 1787 2363 sui
1818 2308 1983 2363 bene-

393 2402 681 2455 volentiam
715 2416 1011 2469 provocans
1037 2418 1049 2452 :
1081 2398 1132 2454 id
1160 2400 1301 2468 quod
1326 2407 1382 2454 et
1406 2398 1601 2453 factum
1629 2409 1728 2453 est.
1762 2400 1817 2454 4.
1849 2398 1986 2453 Nam

397 2492 541 2547 Εειῶ
566 2507 853 2555 occurrens,
881 2491 1069 2559 inquit,
1100 2491 1418 2559 amplexatus
1447 2500 1520 2545 est
1548 2507 1681 2554 eunt,
1707 2500 1755 2544 et
1784 2492 1983 2545 oscula-

398 2595 479 2638 tus
505 2593 597 2648 est,
623 2583 932 2653 prociditque
968 2583 1021 2636 in
1050 2582 1237 2636 collum
1266 2583 1377 2652 ejus
1406 2598 1425 2635 :
1464 2592 1510 2636 et
1539 2581 1730 2651 ﬂebant
1758 2592 1983 2652 uterque.

468 2676 526 2730 4.
571 2674 699 2728 Vide
728 2674 1181 2743 dispensationem
1212 2674 1306 2728 Dei
1339 2691 1353 2727 :
1383 2673 1525 2743 quod
1569 2674 1710 2727 enim
1751 2674 1868 2729 heri
1907 2674 1990 2729 di-

397 2769 605 2833 cebam,
626 2767 677 2821 id
697 2768 989 2821 etiamnum
1015 2766 1209 2821 dicam.
1237 2766 1459 2835 Quando
1485 2769 1595 2821 vult
1615 2767 1854 2821 omnium
1880 2767 1986 2822 Do-

398 2864 575 2916 minus
618 2875 767 2914 suam
810 2875 935 2930 erga
982 2875 1081 2916 nos
1127 2860 1403 2917 declarare
1450 2862 1858 2932 providentiam,
1895 2875 1989 2917 eos

399 2954 558 3009 etiam
586 2954 674 3022 qui
708 2952 871 3007 atroci
900 2952 951 3007 in
1002 2969 1098 3006 nos
1125 2954 1304 3007 animo
1332 2962 1475 3018 sunt,
1520 2953 1709 3008 ovibus
1743 2968 1991 3008 mansuc-

400 3044 564 3100 tiores
610 3043 753 3099 facit.
800 3044 1090 3100 Considera
1136 3045 1294 3115 igitur
1337 3053 1589 3115 quantam
1638 3046 1988 3100 mutationem

399 3139 636 3193 declarat
682 3137 843 3191 Esaii.
892 3135 1125 3191 Accurrit
1172 3137 1336 3201 enim,
1383 3137 1569 3207 inquit,
1622 3136 1674 3190 in
1726 3154 1990 3192 occursum

397 3231 529 3300 ejus,
576 3238 624 3281 et
672 3228 992 3298 amplexatus
1038 3244 1151 3282 eum
1202 3228 1456 3281 osculatus
1496 3238 1605 3292 est;
1652 3239 1699 3282 et
1745 3230 1989 3298 ﬂeverunt

399 3323 564 3375 ambo.
596 3321 693 3377 Vix
721 3321 932 3374 tandem
956 3321 1132 3389 justus
1154 3320 1434 3391 respiravit
1456 3330 1511 3375 et
1539 3321 1783 3377 timorem
1806 3338 1992 3378 excus-

399 3414 488 3474 sit,
522 3412 813 3464 animosior
844 3410 1033 3464 factus.
1066 3412 1119 3466 5.
1147 3410 1371 3465 Elevatis
1397 3422 1565 3465 autem
1589 3414 1767 3479 oculis,
1798 3414 1987 3485 inquit,

402 3504 543 3558 Esau
570 3504 691 3557 vidit
730 3504 962 3557 mulieres
991 3513 1037 3558 et
1075 3520 1275 3573 pueros,
1308 3515 1354 3557 et
1397 3504 1546 3572 dixit,
1582 3506 1719 3572 Quid
1761 3508 1867 3561 htec
1904 3508 1992 3563 tibi

400 3599 555 3652 sunt?
580 3596 775 3651 Videns
799 3596 942 3650 enim
971 3595 1150 3650 fratris
1179 3595 1480 3662 facultates,
1507 3596 1560 3651 in
1586 3597 1989 3655 admirationem

399 3690 659 3745 adductus
678 3699 782 3756 est,
808 3689 928 3745 ideo
948 3699 1002 3744 ct
1029 3705 1215 3760 rogare
1235 3690 1421 3744 voluit.
1442 3690 1578 3758 Quid
1602 3691 1759 3761 igitur
1773 3692 1990 3762 justus?

403 3782 550 3847 Filii,
580 3783 768 3853 inquit,
799 3792 936 3847 sunt,
963 3782 1142 3854 quibus
1189 3782 1579 3837 misericorditer
1605 3783 1809 3837 donavit
1852 3782 1990 3838 Deus

399 3893 596 3931 servum
624 3886 785 3929 tuum.
818 3873 953 3929 Vide
977 3883 1234 3945 quantum
1258 3874 1682 3929 mansuetudinis
1703 3876 1908 3929 robur’:
1937 3885 1991 3930 et

400 3966 670 4036 quomodo
702 3983 797 4037 per
822 3966 1104 4036 verborum
1135 3965 1428 4021 modestam
1460 3965 1809 4021 humilitatem
1850 3966 1990 4021 illius

402 4059 823 4129 indignationem
852 4057 1009 4128 fregit
1036 4068 1089 4112 et
1115 4058 1392 4128 mitigavit.
1425 4057 1477 4111 ϐ.
1514 4058 1581 4112 Et
1609 4060 1991 4130 appropinqua-

405 4160 604 4215 rcrttnt,
634 4149 824 4218 inquit,
849 4149 1049 4203 ancilla:
1072 4159 1119 4202 et
1144 4149 1260 4217 ﬁlii.
1289 4150 1343 4203 7.
1373 4148 1441 4202 Et
1467 4151 1804 4205 adoraverunt
1826 4151 1920 4205 Lia
1942 4163 1989 4206 et

400 4239 614 4293 Rachel.
660 4239 727 4293 Et
756 4240 882 4293 dixit
919 4254 938 4294 :
970 4240 1023 4295 8.
1073 4239 1211 4305 Quid
1241 4241 1347 4294 Itazc
1384 4242 1471 4295 tibi
1506 4251 1643 4307 sunt,
1688 4243 1859 4296 omnia
1896 4260 1987 4296 ca-

398 4342 503 4384 stra
527 4330 617 4383 illa
643 4346 757 4400 qua:
786 4330 909 4383 mihi
933 4330 1129 4384 obviam
1155 4342 1392 4385 uenerunt
1410 4332 1435 4385 ἵ
1456 4330 1560 4386 Ille
1602 4342 1770 4387 autem
1796 4334 1927 4389 dixit
1968 4350 1989 4391 :

403 4421 471 4477 Ut
497 4423 713 4477 inveniat
742 4440 910 4477 servus
936 4432 1053 4479 tuus
1078 4425 1295 4496 gratiam
1321 4442 1491 4479 coram
1522 4436 1585 4479 te.

474 4512 779 4569 llumilitate
799 4515 949 4568 rincit
976 4519 1186 4586 fratrem
1204 4515 1384 4570 Iacob.
1405 4548 1475 4557 —
1489 4518 1803 4585 Considera,
1827 4520 1988 4576 obse-

399 4619 514 4672 cro,
544 4606 812 4675 quomodo
852 4605 1150 4662 humilitate
1194 4607 1393 4677 ingenti
1424 4608 1641 4664 fratrem
1670 4610 1925 4666 devicerit
1969 4630 1983 4665 :

400 4706 454 4751 et
475 4712 632 4767 quem
668 4696 885 4765 putabat
910 4697 1044 4751 allici
1073 4713 1196 4767 erga
1237 4712 1295 4753 se
1325 4699 1589 4753 hostiliter
1615 4710 1670 4753 et
1713 4703 1984 4766 atrociter,

402 4785 473 4840 ita
504 4785 767 4840 invenerit
810 4796 1143 4842 mansuetum
1178 4796 1234 4842 ut
1273 4789 1498 4843 voluerit
1542 4789 1592 4841 in
1636 4790 1986 4846 ministerium

400 4877 518 4947 ejus
546 4892 706 4933 omne
750 4877 986 4933 ofﬁcium
1026 4895 1179 4934 suum
1221 4880 1513 4935 declarare.
1556 4881 1608 4936 9.
1642 4880 1784 4935 Dixit
1818 4883 1983 4949 enim,

398 4967 587 5040 inquit,
621 4979 736 5023 sunt
777 4970 902 5023 mihi
941 4970 1119 5034 multa,
1148 4972 1326 5041 frater,
1367 4972 1467 5025 sint
1504 4973 1590 5026 tibi
1636 4982 1741 5026 tua.
1792 4973 1985 5029 Verum

400 5078 572 5133 neque
605 5063 702 5117 hoc
735 5064 973 5130 permisit
999 5062 1161 5119 Jacob
1181 5106 1193 5126 .
1224 5064 1319 5118 sed
1360 5074 1661 5118 monstrans
1691 5067 1872 5136 quanti
1904 5066 1984 5120 fa-

399 5160 505 5212 ciat
525 5158 641 5225 ejus
659 5157 965 5222 amicitiam,
986 5158 1174 5225 inquit.
1204 5159 1286 5213 l0.
1318 5157 1379 5212 Si
1396 5158 1559 5212 inveni
1579 5161 1793 5228 gratiam
1813 5176 1984 5213 coram

399 5259 467 5314 te,
498 5249 669 5317 accipe
688 5250 822 5302 dona
842 5249 904 5302 de
926 5249 1154 5303 manibus
1180 5251 1321 5305 meis.
1350 5249 1488 5303 Nam
1518 5261 1722 5319 propter
1743 5253 1836 5307 hoc
1856 5254 1985 5308 vide~

401 5338 514 5390 bant
550 5340 730 5408 faciem
759 5351 929 5405 tuam,
954 5342 1099 5411 quasi
1118 5342 1300 5413 aliquis
1326 5343 1489 5396 videat
1514 5346 1701 5397 vultum
1729 5345 1844 5399 Dei.
1882 5350 1984 5403 Ac-

401 5430 551 5498 cipe.
585 5430 789 5499 inquit,
822 5432 960 5486 dona
1001 5449 1119 5503 qute
1160 5449 1188 5486 a
1235 5448 1321 5488 me
1357 5434 1450 5488 tibi
1488 5433 1799 5491 offeruntur.
1850 5439 1981 5494 Cum

401 5528 541 5572 tmta
572 5523 711 5574 enim
736 5522 1063 5591 jucunditate
1090 5524 1195 5579 vidi
1225 5524 1410 5580 faciem
1442 5534 1607 5593 tuam,
1638 5542 1758 5583 cum
1786 5539 1981 5600 quanta

401 5610 518 5680 quis
550 5611 738 5667 viderit
772 5612 862 5667 Dei
896 5614 1104 5670 facient.
1155 5616 1267 5672 lloc
1314 5619 1486 5689 magni
1530 5620 1766 5691 obsequii
1814 5624 1981 5692 gratia

400 5702 596 5757 dicunt
628 5712 708 5758 est
736 5718 766 5758 ο
791 5703 954 5773 justo,
991 5716 1044 5762 ut
1073 5723 1191 5765 cum
1220 5708 1566 5779 detnulccret,
1596 5720 1646 5767 ct
1684 5710 1750 5767 ad
1791 5712 1981 5769 frater-

1138 268 1195 323 S.
1235 263 1513 321 JOANNIS
1549 256 2027 320 CllRVSOSTONl
2065 259 2381 318 ARCHIEP.
2420 258 2953 322 CONSTANTINOP.

3560 264 3657 321 512

2085 392 2205 429 nam
2230 375 2657 432 benevolentiam
2689 377 2928 433 duceret.
2962 376 3027 432 Et
3055 377 3416 447 beneplacitunt
3437 378 3557 431 mihi
3585 385 3657 448 [σε

2081 468 2203 536 cies,
2228 468 2443 535 hocest,
2459 478 2665 539 gntum
2691 471 2821 524 mihi
2845 471 3025 526 facies.
3043 471 3129 526 ll.
3152 472 3334 539 Accipe
3348 471 3503 542 igitur
3531 471 3651 525 bene

2083 560 2326 614 dictiones
2366 577 2492 630 quas
2526 562 2676 615 attuli
2710 560 2833 627 tibi,
2862 563 2979 631 quia
3007 563 3236 616 misertus
3268 574 3337 616 est
3365 564 3465 616 inci
3494 562 3626 616 Deus
3646 601 3664 630 ,

2083 660 2131 703 et
2152 661 2269 704 sunt
2288 652 2410 704 mihi
2430 653 2619 706 omnia.
2644 651 2723 707 Ne
2743 652 3028 720 detrectes,
3051 651 3241 725 inquit,
3262 655 3527 724 accipere.
3549 655 3664 711 "me

2084 743 2226 796 enim
2252 743 2429 796 omnia
2453 758 2482 795 a
2516 743 2623 797 Deo
2646 743 2773 797 mihi
2795 743 2987 798 donata
3019 753 3161 811 sunt,
3194 755 3247 799 et
3282 745 3365 800 hic
3406 744 3536 798 mihi
3573 744 3665 797 ho.

2085 849 2202 888 rum
2232 834 2469 888 omnium
2490 834 2853 904 suppeditator
2876 834 3044 891 factus
3067 847 3168 892 est.
3197 836 3298 892 Per
3324 854 3447 907 qua:
3468 839 3663 907 placide

2085 934 2143 979 et
2168 925 2313 978 illum
2336 926 2536 990 docuit,
2556 937 2751 995 quanta
2781 943 2904 998 erga
2926 944 2983 982 se
3014 928 3171 984 fuerit
3193 929 3285 984 llei
3316 930 3659 999 providentia,

2085 1025 2139 1070 et
2163 1016 2337 1071 effecit
2368 1026 2425 1071 ut
2450 1032 2693 1088 magnam
2728 1019 2827 1072 sibi
2866 1021 3215 1075 reverentiam
3257 1022 3558 1076 exhiberet.
3604 1019 3663 1074 Et

2085 1107 2244 1177 coegit
2267 1118 2465 1172 eunt,et
2484 1110 2696 1179 accepit.
2730 1108 2864 1164 Vide
2893 1126 3031 1165 nunc
3053 1112 3423 1166 mutationem.
3467 1112 3535 1166 Et
3551 1115 3667 1166 dixit

2089 1199 2250 1264 Esau,
2281 1199 2502 1269 Profecti
2528 1218 2698 1257 eamus
2728 1203 2779 1255 in
2800 1212 2983 1256 rectam
3011 1220 3029 1258 :
3057 1204 3167 1258 lloc
3189 1214 3272 1258 est
3293 1246 3308 1270 ,
3338 1220 3482 1259 nunc
3518 1206 3665 1259 simul

2087 1289 2189 1345 iter
2217 1288 2495 1345 faciamus.
2544 1290 2637 1347 Ille
2655 1302 2834 1347 autem
2863 1303 3108 1348 causatus
3134 1294 3415 1350 honestum
3445 1307 3664 1365 prtetex-

2088 1389 2196 1433 tum
2232 1397 2245 1432 :
2276 1380 2521 1434 Dominus
2539 1398 2697 1449 meus,
2724 1384 2908 1453 inquit,
2941 1386 3033 1438 scit
3052 1386 3186 1453 quod
3211 1386 3306 1453 ﬁlii
3336 1387 3433 1439 ntei
3460 1389 3667 1441 teucria.

2087 1486 2187 1537 res,
2215 1479 2263 1523 et
2292 1487 2423 1535 oves,
2453 1481 2499 1525 et
2518 1472 2658 1526 boves
2683 1476 2815 1543 [mter
2842 1474 2939 1527 sint
2969 1491 2989 1527 :
3009 1476 3051 1528 si
3078 1476 3230 1546 igitur
3253 1477 3392 1545 sequi
3415 1493 3474 1529 ca
3499 1494 3666 1548 cogant

2085 1576 2186 1613 uno
2213 1560 2294 1614 die
2312 1602 2327 1626 ,
2359 1562 2651 1615 morientur.
2677 1562 2792 1617 Non
2820 1579 3032 1633 possum
3057 1606 3071 1630 ,
3111 1567 3297 1635 inquit,
3329 1568 3668 1623 acceleratius

2086 1652 2261 1707 facere
2290 1656 2407 1718 iter,
2422 1653 2517 1708 sed
2530 1669 2691 1724 cogor
2712 1654 2854 1711 lente
2874 1665 2927 1710 et
2941 1657 3260 1726 pedetentim
3278 1660 3551 1728 progredi,
3573 1670 3669 1713 tam

2088 1753 2307 1813 propter
2342 1760 2535 1814 pueros
2567 1761 2724 1815 quam
2771 1756 2985 1816 propter
3006 1748 3261 1817 pecudes,
3285 1760 3340 1802 ut
3360 1765 3468 1803 non
3495 1751 3667 1805 labore

2090 1836 2314 1906 pluritno
2332 1837 2721 1907 pereant.Vade
2736 1838 2912 1909 igitur,
2933 1840 3121 1911 inquit,
3138 1851 3191 1895 tu
3212 1858 3337 1911 :ego
3349 1851 3536 1898 autem
3556 1860 3671 1912 par-

2088 1942 2216 1983 cens
2244 1928 2412 1983 labori
2458 1944 2743 1999 puerorum
2770 1939 2824 1984 et
2856 1932 3114 2000 pecudum
3140 1975 3155 1998 ,
3182 1935 3502 1988 conveniam
3538 1946 3589 1990 te
3625 1938 3673 1989 in

2089 2020 2225 2075 Seir.
2250 2021 2450 2087 Quibus
2466 2021 2660 2076 auditis
2677 2021 2837 2077 frater
2854 2024 2962 2079 :15.
2983 2024 3044 2079 Si
3074 2026 3164 2092 vis,
3186 2026 3378 2097 inquit,
3397 2032 3673 2098 relinquam

2089 2113 2284 2181 aliquos
2304 2130 2529 2168 meorum
2555 2115 2694 2185 apud
2719 2126 2785 2172 te.
2812 2116 3061 2173 Faciebat
3077 2123 3175 2175 hoc
3194 2122 3245 2175 in
3266 2123 3481 2192 signum
3507 2128 3671 2193 magni

2090 2205 2309 2260 iluthI'lS
2333 2217 2386 2260 et
2411 2206 2595 2262 ofﬁcii.
2630 2208 2721 2263 Ille
2745 2219 2920 2263 autem
2944 2211 3073 2264 nihil
3100 2213 3201 2266 tale
3220 2215 3453 2283 accepit.
3476 2215 3673 2269 Suflicit

2090 2300 2230 2354 enim
2262 2300 2413 2366 mihi,
2436 2301 2619 2370 inquit,
2644 2302 2782 2372 quod
2806 2318 2930 2358 vere
2955 2305 3129 2359 inveni
3155 2306 3378 2374 gratiam
3402 2324 3585 2362 coram
3609 2319 3670 2364 te.

2091 2390 2203 2445 Hoc
2231 2408 2390 2446 unum
2418 2393 2543 2447 mihi
2570 2408 2713 2449 cura:
2743 2405 2876 2459 erat,
2909 2406 2965 2451 ut
3004 2398 3231 2452 amicum
3274 2409 3326 2455 te
3361 2402 3672 2456 invenirem.

2091 2482 2350 2548 Quoniam
2385 2486 2541 2554 igitur
2568 2485 2670 2539 hoc
2696 2496 3015 2556 assequutus
3036 2504 3174 2552 sum,
3202 2507 3307 2543 non
3333 2492 3565 2547 alterius
3588 2509 3674 2548 cu-

2086 2577 2318 2646 juspiam
2367 2578 2598 2649 indigeo.
2630 2581 2719 2633 i7.
2748 2578 2816 2632 Et
2854 2582 3129 2649 profectus,
3159 2584 3347 2652 inquit,
3376 2583 3547 2639 Jacob
3572 2589 3675 2657 [ait

2086 2670 2184 2723 sibi
2210 2671 2308 2739 ipsi
2335 2682 2381 2725 et
2402 2672 2644 2740 jumentis
2666 2674 2770 2728 suis
2793 2676 3118 2730 tabernacula
3143 2692 3161 2730 :
3187 2688 3463 2748 propterea
3498 2683 3678 2734 vocarit

2088 2765 2259 2819 locum
2289 2764 2434 2819 illum
2464 2765 2833 2821 Tabernacula.

2164 2857 2219 2913 5.
2242 2855 2461 2911 Horalis
2480 2859 2741 2928 epilogus;
2780 2860 3008 2914 inimicos
3045 2861 3140 2914 sibi
3181 2861 3465 2916 conciliare
3504 2882 3679 2935 magna

2091 2950 2282 3014 uirtus;
2328 2952 2657 3007 mansuetudo
2694 2963 2934 3022 quantum
2973 2953 3074 3006 uim
3110 2953 3307 3008 habeat.
3332 2983 3407 2996 —
3438 2955 3571 3009 Haec
3593 2972 3681 3010 au-

2092 3044 2297 3100 dientes
2324 3043 2593 3099 imitemur
2625 3044 2825 3113 justum
2864 3044 3037 3112 illum,
3072 3052 3127 3100 et
3160 3046 3409 3101 eamdem
3435 3048 3677 3103 exhibea-

2093 3152 2212 3192 mus
2238 3135 2594 3191 humilitatem
2623 3137 2787 3191 animi
2813 3154 2825 3189 :
2854 3137 2975 3192 etsi
3004 3137 3091 3207 qui
3117 3146 3241 3192 sunt
3263 3138 3355 3208 qui
3383 3140 3535 3194 male
3565 3155 3677 3208 erga

2096 3242 2193 3282 nos
2221 3227 2517 3281 afliciantur
2543 3267 2557 3289 ,
2585 3240 2690 3281 non
2718 3228 2886 3297 magis
2914 3243 3098 3282 eorum
3127 3229 3491 3284 accendamus
3522 3232 3677 3293 iram,

2093 3318 2188 3374 sed
2216 3334 2403 3389 magna
2432 3319 2837 3374 mansuetudine
2863 3328 2917 3375 et
2942 3321 3239 3376 humilitate
3265 3330 3372 3376 tant
3398 3323 3679 3378 verborum

2092 3427 2252 3482 quam
2279 3426 2499 3481 operum
2526 3413 2879 3481 reprimamus
2902 3427 3084 3468 eorum
3117 3412 3447 3482 inimicitias,
3471 3428 3528 3471 et
3560 3417 3683 3471 indi-

2093 3511 2279 3571 gnatas
2300 3518 2485 3557 eorum
2517 3518 2765 3558 curenms
2792 3505 3016 3559 animas.
3044 3504 3172 3559 Vide
3197 3507 3338 3561 enim
3367 3510 3681 3577 sapientiam

2096 3594 2251 3663 hujus
2298 3594 2453 3661 iusti.
2488 3594 2759 3664 quomodo
2789 3610 2979 3665 magna
3008 3596 3292 3651 verborum
3330 3599 3582 3654 efﬁcacia
3624 3604 3683 3653 ita

2095 3684 2239 3740 Esau
2267 3684 2548 3751 demulsit,
2579 3695 2712 3742 utet
2735 3686 2803 3742 ad
2831 3704 2951 3743 eum
2978 3689 3258 3744 colendum
3282 3691 3571 3749 festinaret
3594 3736 3611 3759 ,
3640 3706 3687 3748 et

2094 3776 2269 3833 facere
2286 3778 2445 3833 vellet
2463 3781 2639 3834 omnia
2666 3796 2784 3850 qua:
2809 3781 2875 3836 ad
2902 3782 3018 3850 ejus
3044 3782 3375 3852 pertinebant
3396 3786 3684 3843 honorem.

2093 3870 2206 3926 Hoc
2235 3886 2359 3927 vere
2391 3886 2613 3926 summa:
2637 3873 2841 3927 virtutis
2869 3885 2952 3928 est
2975 3913 2991 3937 ,
3022 3882 3079 3928 ut
3114 3891 3218 3929 non
3254 3876 3435 3932 solum
3467 3895 3570 3935 eos
3606 3882 3685 3949 qui

2095 3963 2231 4018 bene
2260 3963 2312 4018 in
2339 3979 2438 4019 nos
2462 3963 2766 4020 afﬁciuntur
2787 4007 2802 4033 ,
2833 3982 3025 4037 magno
3063 3969 3240 4023 studio
3273 3969 3606 4041 diligamus,
3643 3984 3688 4027 et

2094 4054 2173 4109 eis
2196 4056 2443 4109 omnibus
2470 4054 2643 4111 modis
2669 4057 2963 4111 serviamus
2994 4075 3008 4111 :
3038 4059 3132 4113 sed
3161 4069 3219 4113 ut
3254 4061 3420 4116 etiam
3466 4078 3568 4118 eos
3608 4066 3686 4133 qui

2094 4145 2248 4200 nobis
2275 4145 2449 4201 infesti
2487 4160 2609 4202 esse
2631 4148 2833 4215 volunt,
2865 4148 3175 4205 assiduitate
3200 4152 3503 4207 ofﬁciorum
3536 4156 3686 4209 nobis

2093 4240 2439 4294 conciliemus
2482 4242 2702 4296 amicos.
2748 4241 2887 4296 Nihil
2929 4243 3069 4297 enim
3111 4247 3523 4302 mansuetudine
3580 4250 3687 4301 vio-

2095 4332 2311 4388 lentius.
2340 4332 2472 4387 Nam
2500 4335 2637 4390 sicut
2664 4351 2845 4406 rogum
2875 4336 3220 4393 vehementer
3242 4339 3527 4395 incensum
3553 4358 3685 4411 aqua

2094 4422 2287 4494 injecta
2319 4426 2619 4495 restinguit,
2650 4427 2720 4481 ita
2750 4437 2804 4481 et
2828 4428 3063 4482 animum
3091 4432 3304 4484 camino
3333 4431 3509 4500 magis
3530 4448 3685 4487 exsr-

2092 4517 2400 4573 descentem
2420 4558 2436 4583 ,
2465 4518 2684 4573 verbum
2715 4533 2835 4573 cum
2863 4520 3268 4577 mansuetudine
3296 4522 3569 4592 prolatum
3602 4540 3686 4579 ex-

2092 4609 2313 4679 Stinguit
2340 4627 2354 4663 :
2384 4618 2439 4664 et
2473 4609 2665 4680 duplex
2696 4609 2819 4666 inde
2839 4611 2993 4666 nobis
3019 4611 3224 4666 lucrum
3251 4618 3539 4683 accrescit,
3577 4629 3681 4671 tum

2093 4703 2233 4772 quod
2262 4718 2359 4756 nos
2386 4704 2844 4758 mansuetudinem
2882 4705 3198 4760 exhibemus
3218 4749 3230 4769 ,
3259 4715 3370 4762 tum
3395 4710 3545 4778 quod
3578 4710 3685 4763 fra-

2100 4796 2195 4849 tris
2226 4795 2639 4865 indignationcm
2669 4796 2940 4864 sedantus,
2964 4807 3017 4852 et
3040 4807 3270 4853 mentem
3302 4802 3421 4870 ejus
3447 4817 3478 4856 a
3502 4803 3684 4857 turba.

2094 4890 2236 4943 tione
2262 4888 2570 4943 liberamus.
2596 4889 2734 4957 Quid
2762 4888 2904 4945 enim
2922 4931 2937 4957 ,
2969 4890 3055 4946 dic
3082 4892 3246 4945 mihi?
3275 4894 3468 4949 Annon
3500 4910 3682 4966 repre«

2093 4977 2283 5035 hendis
2320 4980 2537 5035 fratrem
2578 4991 2723 5034 tuum
2760 4990 2816 5035 et
2848 4996 3067 5036 accusas
3092 4983 3208 5052 ejus
3236 4983 3679 5055 indignationem,

2090 5070 2231 5140 quod
2266 5070 2531 5126 hostiliter
2557 5072 2625 5126 sit
2650 5071 2871 5126 aﬂ‘ectus
2896 5088 3017 5143 erga
3045 5075 3132 5127 te?
3158 5073 3263 5129 Cur
3288 5075 3449 5144 igitur
3471 5092 3584 5131 non
3606 5077 3679 5130 di-

2091 5177 2245 5216 versa
2276 5164 2354 5217 via
2384 5164 2565 5217 studes
2591 5163 2860 5229 incedere,
2892 5164 2984 5218 sed
3015 5164 3128 5233 ipse
3160 5167 3328 5235 magis
3365 5168 3527 5223 irasci
3561 5170 3679 5223 vis!

2089 5252 2224 5307 Num
2256 5264 2431 5325 potest
2459 5254 2564 5325 igni
2599 5255 2735 5325 ignis
2762 5256 3063 5326 exstingui?
3091 5256 3369 5329 Repugnat
3397 5261 3501 5316 hoc
3527 5272 3677 5315 natu-

2092 5362 2184 5401 tat.
2216 5347 2305 5401 Sic
2329 5363 2502 5417 neque
2528 5348 2672 5401 furor
2697 5346 2876 5403 furore
2898 5348 3003 5402 alio
3022 5348 3309 5405 demulceri
3334 5352 3533 5420 poterit
3565 5369 3677 5407 um-

2090 5454 2271 5509 quam.
2306 5438 2516 5492 Etcnim
2544 5438 2684 5507 quod
2717 5438 2823 5507 igni
2851 5446 2934 5493 est
2961 5453 3095 5509 aqua
3114 5480 3131 5504 ,
3162 5440 3261 5495 hoc
3291 5451 3373 5497 est
3397 5443 3495 5497 irae
3520 5458 3674 5497 man-

2090 5528 2315 5585 suetudo
2350 5538 2405 5583 ct
2438 5530 2754 5585 moderatio.
2796 5530 3080 5600 Propterea
3106 5541 3160 5587 et
3185 5531 3433 5589 Christus
3467 5535 3675 5590 dicebat

2088 5620 2361 5691 discipulis
2393 5639 2406 5676 :
2436 5622 2498 5677 Si
2536 5622 2797 5693 diligentes
2821 5637 2906 5678 vos
2929 5622 3139 5694 diligitis
3161 5663 3176 5690 ,
3209 5640 3363 5695 quam
3395 5630 3673 5680 mercedest

2091 5713 2279 5770 habetis
2311 5711 2537 5785 (Matth.
2566 5714 2618 5771 ὅ.
2649 5714 2798 5787 46)?
2840 5713 3041 5772 Deinde
3071 5714 3237 5787 magis
3262 5714 3330 5771 ad
3358 5715 3459 5773 hoc
3487 5719 3673 5774 cohor-
