3782 6266
50 298 179 357 513

56 412 170 463 tari
192 419 252 464 et
281 408 669 477 reprehendere
696 409 1018 479 negligentes
1038 410 1242 474 volens,
1260 409 1425 464 dicit:
1458 406 1642 462 Nonne

55 510 116 551 et
147 501 405 570 publicani
426 501 558 553 idem
587 501 821 572 faciunt?
841 502 1233 568 Quemcumque
1262 500 1401 555 enim
1438 499 1649 569 ignavo-

58 598 193 642 rum
221 590 512 657 sumpseris
533 631 546 652 ,
571 604 745 643 nonne
778 590 877 643 hoc
903 589 1062 645 facit?
1106 590 1289 644 Nonne
1308 601 1359 643 et
1388 590 1648 658 publicani

56 692 270 744 magno
309 679 482 732 studio
523 678 634 732 haec
686 677 917 731 faciunt?
958 679 1093 746 Quid
1143 688 1319 732 autem
1375 679 1675 746 publicano,

54 768 345 821 deterius?
392 771 633 821 Attamen
674 768 909 821 invenies
950 784 1069 821 eum
1118 768 1217 822 hoc
1252 768 1495 821 omnibus
1538 784 1651 821 mo-

59 858 158 910 dis
204 857 526 921 observare,
569 868 621 911 et
654 873 757 913 non
787 868 863 911 est
898 858 1144 926 possibile
1184 868 1239 910 ut
1277 873 1379 911 non
1415 857 1653 911 redamet

64 948 170 1012 qui
201 954 427 1000 amatur.
477 947 587 1015 Ego
615 954 788 999 autem
825 949 943 1015 quia
980 956 1028 999 et
1070 948 1387 1000 excelsiores
1414 960 1504 999 vos
1531 960 1650 999 esse

63 1036 221 1101 volo,
245 1044 298 1089 et
316 1034 509 1103 aliquid
529 1036 754 1103 amplius
775 1034 991 1100 habere,
1012 1050 1116 1089 non
1138 1034 1237 1089 hoc
1256 1034 1539 1099 admoneo,
1557 1031 1650 1088 sed

63 1135 133 1179 ut
176 1126 418 1179 inimicos
450 1125 698 1194 diligatis.
728 1125 781 1179 ld
807 1124 946 1194 quod
975 1125 1159 1181 beatus
1185 1125 1271 1191 ille
1296 1134 1416 1179 ante
1446 1124 1647 1194 legem,

63 1228 206 1271 ante
227 1216 516 1270 doctrinam
549 1216 616 1269 ab
639 1216 755 1270 aliis
775 1224 1043 1285 acceptam
1065 1225 1253 1285 sponte
1281 1230 1374 1269 sua
1404 1215 1526 1269 fecit
1552 1231 1569 1268 :
1598 1223 1652 1267 et

71 1316 301 1375 propter
326 1306 671 1359 excellentem
711 1305 1163 1359 mansuetudinem
1206 1304 1349 1373 prius
1384 1303 1652 1373 superavit

70 1393 286 1461 Laban,
324 1409 467 1449 nunc
502 1403 676 1448 autem
718 1402 773 1449 et
814 1393 1048 1449 fratrem.
1087 1394 1216 1448 Nam
1261 1395 1383 1449 licet
1419 1408 1651 1463 superno

63 1485 331 1554 praesidio
357 1484 524 1539 fretus
554 1484 726 1551 fuerit,
753 1494 985 1539 attamen
1014 1486 1153 1555 quod
1183 1500 1337 1540 suum
1366 1494 1479 1539 erat
1507 1486 1651 1553 prius

63 1571 434 1646 cxhihuit_(a).
453 1572 527 1627 Ita
554 1588 682 1628 sane
704 1584 755 1627 et
777 1588 874 1627 nos
898 1574 1304 1643 persuadeamus
1330 1574 1501 1640 nobis,
1531 1575 1652 1627 licet

66 1664 274 1727 millies
320 1666 621 1731 enitamur,
660 1664 791 1718 nihil
833 1672 1007 1719 tamen
1057 1679 1274 1733 prorsus
1310 1674 1453 1719 recte
1493 1679 1651 1734 agere

68 1768 261 1821 posse,
292 1753 390 1807 nisi
421 1767 650 1821 superno
684 1753 881 1807 auxilio
914 1753 1143 1821 adiutos.
1185 1753 1333 1808 Sicut
1372 1755 1515 1808 enim
1550 1754 1650 1807 nisi

68 1845 171 1897 illo
200 1844 435 1898 subsidio
460 1843 730 1911 fruamur,
758 1844 886 1897 nihil
923 1859 1167 1914 umquam
1201 1860 1480 1914 possumus
1508 1836 1667 1899 recte

62 1950 239 2004 agere
264 1953 277 1988 :
307 1935 375 1989 ita
396 1935 494 1989 nisi
520 1934 658 2005 quod
687 1945 924 1989 nostrum
954 1945 1035 1990 est
1057 1937 1407 2003 attulerimus,
1431 1951 1533 1990 non
1559 1951 1652 2005 po-

66 2026 300 2080 terimus
347 2042 633 2095 supernum
682 2027 934 2080 auxilium
971 2027 1228 2081 obtinere.
1275 2027 1467 2082 Demus
1496 2026 1654 2096 igitur

66 2132 299 2185 operam
327 2125 381 2170 ut
406 2126 461 2171 et
484 2127 660 2171 nostra
691 2116 1001 2182 aderamus,
1027 2128 1082 2173 et
1107 2132 1393 2187 supernum
1419 2119 1649 2172 favorem

63 2207 393 2273 alliciamus,
417 2217 470 2262 ut
490 2217 543 2262 et
563 2224 629 2263 ex
652 2217 833 2264 nostro
854 2209 1027 2263 studio
1050 2218 1104 2264 et
1128 2225 1191 2263 ex
1216 2208 1307 2264 Dei
1336 2209 1595 2279 benignita
1622 2224 1653 2265 e

67 2297 311 2352 virtutes
341 2306 534 2352 nostra:
564 2298 798 2367 quotidie
822 2307 1065 2353 crescant
1086 2341 1100 2363 ,
1129 2302 1397 2369 multaque
1422 2314 1651 2368 superna

65 2386 319 2441 fruamur
340 2388 525 2455 gratia.
557 2388 706 2455 Quod
735 2389 886 2443 nobis
908 2390 1151 2443 omnibus
1171 2390 1510 2451 concedatur,
1533 2406 1647 2458 gra-

65 2479 148 2529 tia
180 2487 234 2531 et
261 2477 577 2547 benignitate
602 2478 807 2531 Domini
838 2479 1002 2533 nostri
1028 2479 1150 2535 Jesu
1177 2479 1394 2546 Christi,
1422 2480 1506 2533 cui
1531 2494 1650 2532 cum

66 2570 236 2624 Patre
265 2580 315 2623 et
341 2581 522 2624 sancto
548 2570 743 2640 Spiritu
784 2570 852 2625 sit
888 2570 1051 2641 gloria
1069 2612 1084 2637 ,
1113 2570 1392 2640 imperium
1415 2612 1430 2637 ,
1459 2570 1648 2637 honor,

67 2675 221 2715 nunc
245 2668 299 2715 et
322 2676 550 2730 semper,
576 2670 629 2715 et
654 2660 705 2714 in
737 2661 927 2715 saecula
956 2662 1287 2717 seculorum.
1318 2661 1507 2715 Amen.

641 2789 922 2845 IIOMILIA
955 2788 1095 2845 LIX.

66 2898 145 2953 Et
184 2901 315 2954 venit
333 2900 493 2955 Iacob
527 2901 599 2972 (ὁ)
625 2902 676 2954 in
712 2900 883 2955 Solem
911 2901 1156 2955 civitatem
1178 2900 1489 2957 Secimorum
1530 2902 1579 2965 ³,
1608 2911 1653 2954 et

148 2992 267 3045 emit
286 3002 475 3059 partem
500 2992 609 3060 agri
624 2991 683 3044 ab
701 2990 858 3045 Emor
874 3002 1016 3061 patre
1036 2990 1251 3062 Sychem
1263 3004 1456 3045 centum
1474 2993 1616 3061 agnis
1634 3007 1654 3047 :

149 3093 195 3139 et
215 3084 367 3139 erexit
382 3083 451 3138 ibi
478 3083 664 3149 altare,
695 3092 739 3137 et
764 3083 1007 3137 invocavit
1030 3080 1187 3137 Deum
1216 3080 1380 3137 Israel
1398 3080 1544 3156 (Gen.
1562 3083 1650 3138 55.

151 3174 370 3243 13-20).

148 3270 201 3322 1.
246 3267 460 3321 Vidistis
488 3266 598 3321 heri
628 3276 681 3322 et
711 3268 874 3322 nostri
915 3269 1147 3322 omnium
1183 3268 1384 3322 Domini
1408 3269 1652 3322 eximiam

61 3357 432 3422 clementiam,
456 3366 507 3411 et
526 3357 899 3427 discipulormn
931 3357 1337 3428 philosophiam,
1364 3369 1416 3413 et
1444 3359 1653 3412 Judmo-

63 3466 195 3505 rum
222 3449 481 3518 ingratum
506 3447 779 3501 animum?
805 3447 1017 3502 Vidistis
1041 3455 1233 3517 quanta
1258 3462 1375 3501 cum
1402 3449 1651 3517 patientia

64 3555 264 3594 eorum
323 3538 678 3605 impudentem
727 3538 999 3593 audaciam
1048 3540 1417 3594 obmutescere
1459 3542 1651 3608 coegit,

64 3646 200 3685 cum
240 3644 365 3683 suos
394 3640 670 3683 excusaret
697 3629 1020 3699 discipulos,
1053 3641 1357 3699 monstrans
1393 3630 1535 3699 ipsos
1563 3631 1651 3699 Qui

66 3722 250 3790 legem
281 3718 548 3773 vindicare
576 3720 842 3784 volebant,
868 3721 995 3789 legis
1019 3720 1347 3774 voluntatem
1390 3721 1652 3790 ignorare,

65 3819 125 3867 et
173 3809 467 3865 irradiante
496 3812 719 3865 veritate
738 3852 751 3876 ,
777 3811 949 3866 adhuc
987 3812 1189 3866 umbra:
1211 3812 1447 3867 assidere
1476 3815 1654 3867 velle?

68 3903 301 3956 Vidistis
330 3901 594 3971 quomodo
630 3902 738 3971 jam
778 3903 901 3958 inde
944 3904 1010 3957 ab
1045 3904 1195 3957 initio
1242 3905 1647 3960 observationes

65 3992 277 4064 legales
325 3992 534 4046 auferre
572 3992 849 4058 studebat,
900 3992 1098 4047 docens
1136 4008 1261 4059 eos,
1307 4004 1495 4049 exorto
1541 3996 1654 4050 sole

59 4083 317 4155 justitize,
348 4082 580 4136 lucerna.
609 4083 783 4137 lumen
816 4084 943 4137 nihil
970 4084 1077 4153 jam
1103 4083 1316 4139 efﬁcere
1343 4101 1498 4155 posse
1516 4087 1539 4141 τ
1557 4086 1653 4141 Ju-

65 4178 176 4231 bar
202 4173 344 4227 enim
373 4173 561 4227 solaris
589 4173 809 4227 luminis
836 4174 977 4244 quod
1015 4175 1220 4229 accedit
1240 4175 1383 4239 ,ihoc
1408 4178 1567 4245 tegit,
1600 4186 1654 4231 et

65 4265 251 4320 videri
283 4280 385 4319 non
414 4264 557 4318 sinit.
584 4263 850 4319 Didicistis
890 4265 1157 4335 quomodo
1182 4266 1435 4335 possibile
1460 4268 1565 4322 sit.
1596 4276 1653 4322 ut

66 4354 229 4410 feriae
256 4361 525 4423 perpetuae
552 4361 793 4423 agantur,
822 4362 877 4408 et
903 4370 931 4407 a
957 4363 1253 4424 temporum
1278 4357 1652 4412 observatione

67 4448 386 4503 liberemur.
410 4445 540 4500 Nam
587 4454 801 4515 propter
840 4445 941 4499 hoc
970 4446 1113 4499 venit
1154 4446 1407 4501 Dominus
1448 4459 1649 4515 noster,

67 4550 132 4593 ut
166 4552 268 4591 nos
296 4536 546 4591 liberaret
573 4551 602 4589 a
631 4546 933 4605 temporum
978 4536 1296 4592 necessitate
1331 4555 1343 4590 :
1374 4547 1428 4591 et
1473 4538 1652 4594 efﬁce-

68 4638 184 4695 ret,
206 4638 261 4683 ut
288 4628 447 4682 altius
475 4629 825 4695 evolaremns,
856 4637 911 4684 et
934 4629 1044 4698 jam
1084 4630 1137 4684 in
1164 4631 1297 4685 caelo
1336 4630 1651 4687 haberemus

71 4721 463 4790 municipatum
487 4760 502 4786 ,
533 4729 587 4774 et
613 4735 734 4779 cum
759 4722 933 4776 adhuc
961 4720 1201 4777 homines
1239 4738 1451 4788 sumus,
1473 4725 1651 4794 Ange-

139 4861 157 4892 ι
195 4864 336 4907 Juxta
356 4855 495 4928 savii.
514 4856 775 4919 legendum
790 4866 938 4918 esset,
957 4857 1275 4921 sicemorum;
1290 4832 1351 4911 et
1366 4863 1501 4924 juxta
1518 4865 1656 4926 quin-

62 4934 172 4983 que
200 4928 325 4979 Mss.,
349 4926 644 4968 Stctmorum.

134 5002 212 5065 (α)
248 5004 363 5050 nota
383 5012 492 5063 quae
514 5006 783 5064 sequuntur
803 5005 968 5050 contra
988 5013 1075 5051 eos
1102 5003 1185 5065 qui
1199 5002 1434 5067 Chrysost.
1462 5004 1653 5067 Pelagio

58 5064 241 5113 favere
263 5061 447 5111 dicunt.

80 5064 241 5113 'avere
263 5064 447 5111 dicunt.

134 5126 215 5187 to)
240 5130 377 5189 itane
403 5120 644 5189 homiliam
664 5121 831 5189 habuit
852 5122 1097 5189 postridie,
1131 5130 1186 5172 ut
1207 5125 1483 5189 Διιιῑιὶο-ειίι,
1508 5139 1650 5189 quam

134 5137 215 5187 to)
250 5137 377 5171 lianc
403 5137 644 5171 nommam
664 5137 831 5171 nanutt
852 5137 1097 5229 poemate,
1131 5137 1186 5172 ut
1226 5137 1361 5174 mitto
1400 5137 1483 5185 ait,
1508 5139 1650 5189 quam

60 5189 224 5248 aliam
240 5183 593 5248 habuerat,_ubi
621 5184 802 5248 Domini
826 5196 852 5231 c
873 5185 1101 5248 amentia.
1120 5190 1171 5233 et
1188 5186 1651 5248 discipulorumphi-

61 5246 295 5307 tosophia
320 5245 657 5307 exhibebatur,
683 5244 948 5307 Judieorum
972 5246 1189 5307 ingratus
1210 5244 1397 5296 animus
1436 5244 1647 5297 declara-

56 5303 232 5363 batur,
258 5308 573 5354 incusantium
595 5303 882 5367 discipulos;
917 5319 1011 5367 qua
1030 5303 1097 5353 de
1124 5320 1180 5356 re
1214 5308 1487 5358 incusarent
1525 5310 1650 5359 haud

57 5367 267 5419 difﬁcile
292 5374 367 5415 est
384 5368 625 5431 augurari,
663 5365 791 5431 quod
833 5365 959 5431 fame
986 5366 1259 5417 laborantes
1294 5369 1413 5431 dum
1437 5383 1525 5431 per
1547 5379 1650 5419 sata

59 5430 341 5493 transirent
361 5426 565 5493 Sabbato
603 5426 758 5493 spicas
798 5426 1042 5493 vellerent.
1064 5437 1115 5493 et
1137 5426 1469 5493 comederent,
1508 5445 1651 5493 quam

60 5441 341 5479 transrrent
361 5441 565 5476 δεηθειιο
603 5442 628 5477 s
663 5441 758 5475 leas
798 5441 1042 5475 venerem
1064 5441 1115 5477 et
1137 5441 1469 5487 comederent,
1508 5445 1651 5493 quam

60 5492 270 5552 vivendi
296 5441 719 5552 frugalitatemlhic
736 5495 787 5536 et
800 5487 904 5535 aliis
944 5489 992 5536 in
1028 5487 1144 5552 locis
1162 5490 1523 5552 Chrysostomus
1545 5492 1651 5552 phi-

58 5549 337 5609 losophiam
363 5556 512 5597 vocat.
546 5549 816 5597 Judaeorum
855 5562 974 5598 vero
1009 5549 1269 5599 audaciam’
1290 5553 1506 5601 coercuit
1527 5549 1651 5601 Chri-

57 5622 195 5665 stus,
220 5616 278 5657 ut
298 5609 674 5679 ιιιίόυιιῃιιιιτιιι
706 5610 1079 5673 thrysostomus.
1125 5611 1370 5662 Homiltun
1403 5625 1544 5675 porro
1575 5613 1653 5664 hic

59 5677 388 5721 "ternarium
409 5677 669 5720 amisimus.

1071 300 1133 355 IN
1170 300 1318 357 CAP.
1361 298 1600 355 XXXIII.
1636 299 1875 357 GENES.
1908 301 2132 359 HOMIL.
2176 303 2309 360 LIX.

3221 313 3321 368 δη

1756 409 1927 463 lorum
1976 412 2305 467 imitaremur
2347 413 2539 481 vitam,
2588 429 2649 471 ac
2703 431 2788 471 res
2831 416 3091 475 humanas
3135 434 3321 478 omnes

1755 498 2116 554 irrideremus.
2144 504 2255 571 Age
2276 503 2455 569 hodie,
2479 506 2522 559 si
2552 506 2790 573 videtur,
2815 512 3007 563 seriem
3036 511 3321 566 verborum

1754 587 1892 641 beati
1924 589 2081 644 Mosis
2126 602 2442 661 sequentes,
2473 610 2533 649 ea
2570 613 2686 664 «iure
2728 600 3091 666 superioribus
3131 602 3323 657 diebus

1753 676 1890 731 dicta
1920 689 2231 748 sequuntur.
2263 690 2569 751 tractemus,
2600 696 2655 740 et
2682 688 2802 742 inde
2829 690 2975 742 vobis
2996 706 3325 759 apponamus

1756 769 2075 822 convivium.
2106 770 2266 825 Scitis
2289 773 2430 827 enim
2460 790 2559 828 nos
2579 815 2593 838 ,
2625 792 2744 829 cum
2774 778 3017 833 rediisset
3051 796 3117 834 ex
3147 781 3322 835 Meso-

1754 860 1985 928 potamia
2006 860 2190 927 Jacob,
2212 871 2269 916 et
2293 875 2597 920 occurreret
2621 865 2768 920 fratri
2791 909 2804 930 ,
2833 879 2888 923 et
2929 870 3119 925 iterum
3163 872 3231 925 ab
3259 888 3324 927 eo

1754 936 2111 1017 separaretur,
2141 960 2193 1005 ct
2222 952 2311 1006 ille
2348 954 2559 1022 quidem
2609 956 2658 1008 in
2690 956 2807 1011 Seir
2838 970 3071 1013 montem
3098 970 3321 1017 conten-

1755 1037 1935 1104 deret,
1963 1039 2126 1095 Jacob
2156 1054 2333 1098 autem
2365 1046 2699 1101 tabernacula
2732 1051 2943 1118 figeret,
2969 1062 3021 1106 et
3048 1054 3217 1107 locum
3258 1056 3325 1109 ab

1755 1138 1945 1183 eventu
1976 1130 2333 1187 Tabernaeula
2363 1148 2577 1191 vocaret
2597 1178 2614 1203 ,
2644 1154 2943 1194 sermonem
2979 1141 3065 1197 hic
3106 1144 3322 1199 missum

1754 1218 1987 1276 fecisse:
2023 1220 2143 1278 ideo
2166 1239 2299 1292 opus
2338 1236 2419 1280 est
2462 1236 2517 1281 ut
2562 1230 2833 1297 sequentia
2870 1247 2965 1299 pro
2994 1233 3190 1289 viribus
3227 1250 3324 1288 no-

1755 1311 1879 1364 stris
1924 1321 2238 1378 tractantes,
2263 1314 2558 1370 doctrinam
2587 1320 2736 1373 vobis
2766 1321 3127 1391 rt-linquamns
3168 1326 3324 1394 spiri-

1755 1402 1970 1455 tualem.
2026 1402 2254 1458 Securus
2300 1407 2441 1460 enim
2492 1409 2703 1464 tandem
2746 1410 2914 1465 factus
2954 1414 3145 1481 justus,
3170 1426 3221 1469 ct
3259 1418 3326 1470 ah

1754 1492 1899 1544 omni
1930 1495 2123 1548 mentis
2164 1510 2361 1565 angore
2406 1497 2693 1565 liberatus,
2725 1502 2812 1556 18.
2850 1502 3010 1569 Vertit,
3040 1506 3242 1574 inquit,
3274 1509 3326 1561 in

1754 1580 1996 1633 civitatem
2021 1581 2334 1637 Serimorum
2355 1626 2368 1647 ,
2400 1588 2485 1642 19.
2517 1599 2560 1641 ει
2580 1592 2697 1642 emit
2723 1604 2915 1662 partem
2935 1596 3046 1665 agri
3070 1596 3131 1649 ab
3177 1597 3327 1651 Emor

1757 1680 1899 1737 patre
1922 1670 2137 1740 Syc/tem
2164 1685 2359 1728 centum
2384 1678 2526 1746 agnis
2545 1680 2560 1709 ί
2585 1679 2712 1734 :20.
2744 1693 2788 1735 et
2810 1687 2967 1738 creti:
2990 1684 3059 1739 ibi
3081 1688 3260 1751 altare,
3281 1698 3326 1740 et

1754 1757 1999 1814 invocavit
2025 1762 2192 1816 Deum
2219 1763 2401 1820 Israel.
2417 1766 2493 1821 Ne
2521 1779 2893 1837 pnetereamus
2924 1774 3095 1830 obiter
3123 1791 3183 1832 ca
3210 1793 3327 1848 qua:

1757 1850 1809 1902 in
1841 1850 2033 1907 divinis
2061 1852 2349 1923 Scripturis
2378 1868 2501 1912 sunt
2545 1870 2813 1916 contenta.
2849 1863 2978 1917 Nam
3022 1866 3065 1919 si
3097 1868 3184 1936 qui
3214 1870 3326 1922 auri

1755 1954 1994 1996 ramenta
2043 1960 2075 2000 e
2114 1956 2251 2002 terra
2299 1948 2589 2017 eﬁ‘odiunt,
2620 1954 2746 2008 nulli
2784 1955 2949 2011 labori
2996 1970 3245 2027 parcunt,
3274 1970 3329 2015 et

1756 2033 1933 2085 omnia
1961 2036 2139 2103 gravia
2177 2039 2384 2105 ferunt,
2418 2050 2475 2095 ut
2500 2044 2706 2111 possint
2734 2061 2918 2101 aurum
2948 2062 2977 2101 a
3006 2059 3143 2103 terra
3171 2066 3326 2121 sepa-

1755 2135 1877 2175 rare
1901 2141 1914 2176 :
1941 2125 2106 2178 multo
2133 2129 2301 2195 magis
2318 2128 2519 2198 justum
2543 2131 2700 2188 fuerit
2721 2144 2775 2188 ut
2799 2146 3098 2194 scrutemur
3120 2140 3327 2211 eloquia

1756 2212 1983 2280 Spiritus
2004 2255 2019 2280 ,
2052 2226 2107 2269 et
2147 2217 2424 2274 utilitatem
2452 2238 2568 2291 qua:
2592 2224 2715 2279 inde
2741 2235 2823 2280 cst
2866 2229 3247 2298 percipiamus,
3276 2244 3331 2289 et

1756 2306 1836 2359 sic
1864 2307 1987 2361 hinc
2013 2322 2286 2365 exeamus.
2316 2312 2521 2383 Cogita,
2546 2316 2796 2384 obsecro,
2828 2320 3006 2375 eximii
3049 2321 3200 2377 istius
3230 2326 3328 2380 viri

1757 2396 2171 2467 philosophiam,
2195 2404 2461 2469 quomodo
2480 2415 2625 2460 tanto
2653 2410 2851 2464 auxilio
2876 2426 3103 2481 superne
3125 2414 3328 2482 fruens,

1756 2496 1812 2543 et
1840 2489 2025 2545 videns
2061 2494 2242 2562 augeri
2274 2495 2548 2551 facultates
2575 2514 2723 2566 suas,
2746 2516 2935 2569 pecora
2962 2503 3100 2569 dico,
3131 2516 3185 2560 ct
3218 2515 3331 2560 tan-

1758 2588 1870 2635 tum
1894 2598 2172 2639 numerum
2201 2586 2424 2642 ﬁliorum
2457 2590 2906 2662 circumstantem,
2927 2611 3029 2651 non
3047 2608 3329 2655 exstruen-

1756 2670 1841 2726 dis
1859 2672 2094 2730 aediﬁciis
2114 2678 2303 2745 amplis
2329 2690 2380 2733 et
2403 2682 2672 2750 praeclaris
2698 2683 2797 2738 fuit
2826 2698 3133 2755 occupatus,
3154 2705 3327 2759 neque

1757 2776 1912 2832 agros
1942 2775 1995 2820 et
2021 2767 2173 2821 villas
2201 2784 2381 2824 emere
2410 2776 2647 2839 curavit,
2688 2792 2805 2844 quae
2839 2778 3086 2833 sufficere
3112 2793 3328 2849 possent

1757 2864 1816 2908 ut
1840 2855 2281 2914 distribuerentur
2323 2861 2461 2915 ﬁliis.
2508 2864 2631 2919 ΙΙωο
2668 2869 2807 2920 enim
2839 2877 2893 2922 et
2937 2870 3126 2925 similia
3167 2889 3327 2942 agerc

1757 2949 1933 3004 solent
1962 2952 2049 3020 qui
2083 2967 2179 3007 nos
2205 2955 2394 3022 opibus
2425 2958 2749 3012 antecellunt
2779 2969 3023 3029 :etsaepe
3044 2965 3133 3032 qui
3162 2980 3323 3019 unum

1760 3048 1961 3095 tantum
2007 3041 2165 3098 habet
2195 3043 2391 3113 ﬁlium,
2422 3046 2605 3101 decem
2652 3050 2811 3104 millia
2855 3052 3167 3109 talentorum
3216 3060 3327 3111 auri

1757 3129 2005 3201 colligere
2046 3135 2266 3204 (Interit,
2297 3147 2351 3190 ut
2403 3151 2556 3206 agros
2606 3149 2781 3204 emat,
2826 3150 2877 3195 et
2921 3142 3111 3198 domus
3156 3146 3328 3200 claras

1758 3232 2031 3278 exstruat:
2055 3234 2109 3280 et
2136 3228 2334 3280 utinam
2378 3244 2440 3282 ex
2466 3230 2625 3297 justis
2655 3229 2925 3285 laboribus
2951 3273 2963 3297 ,
2996 3242 3049 3287 et
3089 3235 3203 3288 sine
3250 3238 3329 3288 in-

1765 3314 1970 3383 justitia
2002 3328 2172 3371 tantas
2200 3334 2327 3386 opes
2357 3320 2658 3389 colligeret;
2682 3322 2773 3375 sed
2796 3324 2935 3392 quod
2966 3342 3123 3393 grave
3150 3335 3253 3393 est,
3275 3338 3329 3383 et

1759 3408 1995 3462 omnium
2024 3411 2416 3477 gravissimum,
2446 3413 2513 3466 ab
2539 3414 2656 3468 aliis
2695 3418 2869 3485 rapit,
2917 3418 3051 3473 alios
3093 3421 3323 3493 circum,-

1759 3500 1934 3565 venit,
1965 3500 2085 3555 aliis
2112 3502 2231 3555 lites
2262 3512 2473 3570 movet,
2497 3514 2549 3557 et
2578 3507 2645 3558 ita
2676 3507 2874 3560 alienas
2904 3508 3181 3565 facultates
3205 3527 3327 3566 suas

1761 3590 1901 3645 facit.
1935 3592 2001 3646 Et
2041 3593 2086 3647 si
2126 3594 2244 3662 quis
2273 3595 2465 3649 dixerit
2496 3614 2508 3649 :
2541 3597 2620 3650 Ad
2651 3600 2773 3667 quid
2802 3608 2941 3655 tanta
2980 3604 3044 3656 ad
3076 3605 3326 3673 colligen-

1760 3683 1856 3737 das
1886 3698 2015 3754 opes
2046 3685 2292 3740 insania?
2321 3688 2408 3742 ille
2436 3690 2612 3743 statim
2646 3690 2809 3745 ﬁlium
2838 3696 3099 3761 prmtexit,
3122 3706 3176 3751 et
3200 3697 3324 3755 dicit

1759 3792 1816 3830 se
1842 3778 1961 3830 talia
1988 3779 2195 3847 operari
2220 3779 2289 3833 ob
2310 3795 2459 3833 suum
2485 3782 2534 3834 in
2565 3782 2711 3837 illum
2739 3800 2992 3839 amorem.
3014 3789 3076 3842 Iit
3102 3789 3188 3844 ille
3212 3793 3329 3859 qui-

1758 3867 1877 3922 dem
1904 3869 2109 3923 tametsi
2129 3886 2344 3938 puerum
2366 3881 2679 3940 praetexens,
2699 3874 2810 3928 lucc
2829 3884 3109 3947 utcumque
3130 3880 3325 3949 expiat,

1761 3958 1951 4013 frustra
1992 3968 2167 4015 tamen
2206 3971 2260 4016 et
2305 3963 2590 4018 incassum.
2625 3965 2761 4019 Sunt
2800 3974 2975 4021 autem
3019 3969 3109 4037 qui
3156 3985 3328 4041 neque

1762 4069 1957 4123 pueros
1982 4054 2199 4122 habent,
2227 4065 2279 4111 et
2310 4056 2575 4111 insaniunt
2602 4068 2659 4112 ut
2680 4059 2930 4127 pecunias
2953 4062 3205 4131 colligant
3234 4081 3247 4116 :
3277 4073 3329 4119 et

1760 4146 1979 4199 mallent
2007 4147 2315 4214 gravissima
2343 4146 2482 4202 ferre
2502 4189 2516 4211 ,
2543 4164 2701 4217 quam
2740 4165 2903 4204 unum
2934 4150 3150 4207 obolum
3195 4152 3331 4208 indi-

1756 4239 2004 4307 gentibus
2030 4252 2269 4307 erogare.
2302 4236 2405 4293 Sed
2433 4238 2609 4308 justns
2640 4239 2729 4293 ille
2756 4240 2889 4295 nihil
2918 4242 3090 4297 simile
3120 4246 3331 4299 consul-

1760 4330 1925 4393 tavit,
1952 4345 2122 4398 neque
2151 4331 2437 4401 cogitavit:
2469 4331 2563 4386 sed
2591 4347 2709 4385 cmn
2740 4347 2902 4401 parvo
2932 4348 3065 4403 Opus
3112 4335 3331 4392 haberet

1753 4434 1905 4489 agro,
1932 4430 2147 4475 centum
2175 4422 2327 4489 agnis
2352 4420 2513 4485 datis,
2548 4432 2745 4490 partem
2776 4423 2885 4491 agri
2919 4426 3050 4479 emit
3073 4425 3141 4478 ab
3166 4425 3331 4480 Emor

1758 4523 1906 4581 patre
1930 4511 2178 4582 Sychem.
2209 4512 2273 4565 Et
2298 4512 2419 4567 vide
2452 4513 2721 4580 pietatem,
2751 4514 3165 4586 religionemque
3195 4517 3291 4570 viri
3310 4559 3325 4580 ,

1755 4620 1863 4675 qua
1904 4603 1971 4658 de
2015 4618 2173 4658 causa
2218 4620 2401 4673 agrum
2431 4621 2611 4660 emere
2659 4607 2939 4664 studuerit.
2970 4606 3037 4661 Et
3060 4610 3213 4664 erexit
3238 4612 3326 4675 ibi,

1758 4692 1946 4761 inquit,
1974 4694 2135 4748 altare
2152 4735 2168 4759 ,
2192 4704 2243 4747 et
2282 4694 2524 4748 invocavit
2557 4694 2720 4749 Deum
2754 4694 2922 4751 Israe'l
2951 4713 2971 4751 :
2998 4707 3051 4753 et
3074 4700 3184 4769 agri
3210 4715 3331 4769 par-

1763 4791 1867 4837 tem
1898 4785 2027 4838 emit
2054 4784 2194 4838 nulla
2227 4784 2327 4838 alia
2360 4784 2427 4841 tle
2459 4802 2812 4856 causa.quam
2845 4798 2900 4841 ut
2925 4790 3122 4857 gratias
3151 4800 3332 4858 ageret

1755 4875 2023 4928 communi
2072 4876 2239 4930 nostri
2283 4876 2521 4930 omnium
2568 4877 2811 4931 Domino.
2853 4877 3000 4932 Illum
3049 4889 3322 4947 oporteret

1758 4966 1949 5019 imitari
1977 4982 2161 5019 omnes
2187 4966 2275 5035 qui
2309 4967 2406 5020 sub
2447 4968 2615 5036 gratia
2654 4976 2810 5032 sunt,
2838 4969 2927 5037 qui
2959 4968 3057 5022 fuit
3088 4979 3210 5023 ante
3253 4970 3329 5024 le-

1754 5071 1915 5126 gem;
1947 5065 2000 5110 et
2041 5072 2143 5110 non
2189 5057 2266 5111 sic
2314 5057 2545 5110 insanire
2592 5056 2645 5110 in
2686 5058 3027 5125 pecuniarum
3057 5059 3329 5112 collectio-

1757 5162 1899 5201 nem.
1942 5146 2116 5212 Quare
2170 5147 2333 5213 enim,
2363 5147 2448 5201 dic
2478 5146 2627 5214 mihi,
2657 5157 2711 5201 et
2756 5148 2951 5217 tibiipsi
3005 5149 3121 5203 haec
3162 5164 3327 5205 onera

1755 5239 2026 5308 spinarum
2057 5253 2369 5308 eongregas,
2401 5238 2628 5307 ﬁliisque
2658 5240 2760 5293 tuis
2786 5240 3063 5293 materiam
3089 5249 3143 5295 et
3168 5255 3332 5296 occa-

1755 5331 1959 5385 sionem
1989 5331 2201 5384 malitia:
2244 5340 2297 5385 te
2342 5331 2645 5399 relinquere
2686 5348 2789 5386 non
2836 5332 3113 5387 advortis?
3142 5332 3325 5389 Nescis

1759 5422 2037 5474 Dominum
2066 5422 2355 5490 majorem,
2384 5437 2541 5491 quam
2571 5430 2625 5477 tu
2653 5421 2847 5477 habeas
2868 5464 2883 5489 ,
2919 5423 3009 5477 lilii
3037 5423 3111 5478 tui
3140 5440 3322 5479 curam

1818 5579 1833 5609 ι
1869 5585 1919 5627 ιιι
1954 5580 2187 5631 Itebraico
2221 5577 2403 5644 legitur
2426 5584 2624 5665 nemp
2642 5586 2809 5637 nam
2834 5599 2846 5636 :
2877 5589 2953 5641 alii
2981 5598 3193 5651 vertunt,
3218 5602 3322 5641 cr»

1753 5680 1851 5727 nan
1871 5674 2089 5727 nationis.
