3782 6254
415 318 519 377 Si!

416 438 624 500 gerere,
654 434 710 478 tu
743 429 918 477 autem
943 428 1211 487 tamquam
1240 415 1378 469 illius
1404 412 1657 481 majorem
1683 418 1865 463 curam
1892 418 1984 477 ge-

420 536 566 585 rens,
593 516 902 571 occasiones
923 511 998 566 illi
1028 510 1330 577 relinquere
1358 503 1565 569 studes,
1596 517 1713 571 quae
1752 498 1994 553 submer-

420 624 545 682 gere
591 610 820 662 animam
870 603 985 671 ejus
1030 594 1277 654 valeant?

488 700 521 752 J
530 708 732 752 attentus
757 695 823 748 ad
842 694 1029 747 malum
1046 686 1453 761 proclivis—An
1470 682 1647 738 nescis
1664 681 1994 749 iuventutem

424 806 521 862 per
551 784 779 859 seipsam
806 783 872 839 ad
899 785 1102 838 ruinam
1142 779 1429 849 proclivem
1471 787 1612 837 esse,
1642 780 1696 825 et
1736 769 1803 823 ad
1850 767 1999 821 mali-

426 884 552 935 tiam
585 880 688 933 levi
718 882 991 932 momento
1014 867 1296 926 inclinari?
1322 864 1534 934 quando
1564 866 1741 917 autem
1763 868 1817 914 ct
1841 871 1999 927 cpum

426 966 753 1028 affluentiam
783 964 1073 1035 acceperit,
1096 963 1263 1015 multo
1300 956 1466 1027 magis
1512 954 1579 1008 ad
1626 953 1822 1006 malum
1878 961 2001 1016 pro-

426 1064 556 1119 ruit.
584 1062 734 1117 Sicut
760 1059 900 1113 enim
931 1055 1066 1126 ignis
1092 1067 1212 1107 eum
1245 1049 1482 1103 fomitem
1514 1044 1748 1107 invenit,
1778 1038 2003 1092 validio-

429 1154 578 1211 ribus
623 1152 850 1206 l‘lammis
886 1146 1163 1215 exsurgit:
1199 1144 1268 1196 ita
1314 1149 1369 1195 et
1411 1136 1624 1209 quando
1665 1135 1716 1188 in
1758 1134 2006 1202 juvenem

433 1244 654 1302 materia
678 1242 1023 1314 pecuniarum
1048 1235 1305 1297 inciderit,
1334 1240 1531 1286 tantam
1564 1225 1808 1282 accendit
1833 1222 2010 1277 forna-

438 1352 554 1395 cem
575 1377 589 1401 ,
617 1344 677 1392 ut
722 1335 950 1388 animam
991 1328 1200 1399 juvenis
1231 1335 1395 1380 totam
1427 1322 1736 1377 inflammet.
1758 1314 2010 1384 Quando-

442 1445 562 1482 uam
595 1426 790 1497 poterit
816 1422 936 1476 talis
958 1420 1116 1475 homo
1144 1412 1484 1472 continentia:
1508 1424 1689 1465 curam
1710 1406 1927 1472 habere,
1959 1412 2015 1459 et

440 1494 902 1587 intemperantiam
934 1511 1148 1580 fugere,
1182 1521 1244 1562 ac
1280 1506 1517 1559 laborem
1546 1516 1645 1571 pro
1670 1500 1896 1562 virtute,
1929 1494 2013 1550 vel

438 1608 581 1663 aliud
613 1605 891 1676 spirituale
920 1600 1172 1672 quiddam
1202 1592 1521 1666 suscipere?

509 1700 566 1752 2.
608 1693 1218 1751 Divitiarumvanitas.—-—
1235 1687 1425 1742 Annon
1463 1681 1614 1738 audis
1637 1680 1906 1735 Christum
1937 1677 2017 1731 di-

444 1800 653 1845 centem
691 1806 702 1840 :
731 1785 878 1841 Cura:
898 1783 1049 1853 hujus
1064 1780 1234 1835 siccati
1251 1788 1295 1831 et
1312 1774 1533 1845 deceptio
1550 1772 1838 1825 divitiarum
1855 1767 2020 1835 suﬂ'o-

442 1885 805 1938 rantmentem,
825 1890 884 1926 ac
912 1873 1093 1927 sterilis
1128 1869 1184 1939 ﬁt
1203 1863 1519 1939 (Matth.l5.
1552 1859 1667 1934 22),
1694 1874 1811 1930 qua:
1843 1857 2021 1914 omnia

442 1970 622 2040 spinas
642 1964 954 2021 nominavit?
969 1961 1099 2017 Nam
1122 1973 1242 2014 cum
1260 1956 1489 2012 dixisset
1513 1953 1564 2007 in
1581 1949 1829 2022 parabola
1860 1947 2022 2001 semi-

445 2038 549 2125 nis,
572 2059 711 2114 aliud
733 2066 796 2112 ex
823 2053 1114 2111 seminibus
1139 2052 1190 2105 in
1220 2050 1399 2118 spinas
1429 2044 1701 2109 incidisse,
1718 2040 1912 2095 deinde
1937 2038 2023 2090 di-

446 2151 664 2221 scipulis
689 2151 1044 2217 interpretans
1072 2157 1313 2214 quteuam
1341 2141 1447 2193 sint
1466 2137 1655 2207 spinm,
1676 2132 1875 2202 inquit:
1903 2131 2023 2184 Sol-

454 2241 672 2298 licitudo
698 2240 855 2308 hujus
884 2237 1061 2292 saeculi
1087 2242 1142 2290 et
1167 2231 1411 2300 deceptio
1433 2228 1732 2283 divitiarum
1757 2222 2024 2277 sutl'ocaut

453 2338 707 2393 mentem,
736 2338 791 2384 et
819 2328 1014 2383 sterilis
1040 2324 1098 2379 fit
1121 2322 1331 2394 (Matth.
1363 2320 1464 2384 1'5;
1494 2327 1540 2371 et
1560 2316 1685 2370 Luc.
1707 2311 1784 2386 8).
1804 2312 1871 2366 Et
1893 2311 2027 2366 bene

452 2426 621 2495 spinis
650 2419 975 2491 comparavit
1017 2413 1425 2473 sollicitudinem
1467 2409 1621 2479 hujus
1650 2405 1848 2461 saeculi.
1882 2404 2031 2459 Sicut

456 2519 597 2573 euitn
627 2518 792 2585 spinae
815 2527 918 2566 non
942 2511 1126 2565 sinunt
1150 2521 1333 2562 semen
1361 2503 1611 2567 emicare,
1636 2500 1729 2554 sed
1769 2498 2031 2552 densitate

455 2625 549 2665 sua
578 2609 891 2663 seminatum
920 2601 1259 2672 supprimunt
1285 2617 1299 2652 :
1334 2597 1406 2650 ita
1434 2605 1489 2650 et
1514 2608 1658 2648 cura:
1687 2588 2029 2660 temporales,

455 2698 733 2769 Spiriluaic
762 2710 968 2758 semen,
1000 2690 1141 2763 quod
1170 2691 1224 2745 in
1253 2689 1429 2743 anima
1460 2685 1783 2748 seminatur,
1817 2695 1922 2734 non
1953 2682 2031 2733 si-

458 2800 591 2847 nunt
619 2788 842 2844 fructum
883 2782 1077 2839 afferre
1103 2799 1119 2836 :
1150 2778 1243 2835 sed
1274 2778 1504 2831 adurunt
1534 2784 1586 2830 et
1618 2772 1874 2827 sull'ocant
1898 2770 2037 2824 sicut

458 2882 647 2951 spinre,
671 2892 771 2932 nec
798 2877 979 2930 sinunt
1016 2870 1292 2943 spirituale
1324 2883 1507 2923 semen
1549 2876 1815 2919 crescere.
1847 2859 1915 2915 Et
1944 2860 2035 2916 de—

461 2974 623 3044 reptio
670 2970 978 3025 divitiarum.
1026 2965 1193 3020 Recte
1238 2960 1372 3017 dixit
1423 2957 1790 3027 deceptionem
1829 2952 2040 3008 divitia-

461 3078 580 3122 rum
614 3081 629 3119 :
662 3064 859 3119 etenim
903 3072 1031 3114 vere
1067 3055 1314 3125 deceptio
1343 3062 1445 3106 est.
1476 3051 1606 3118 Quae
1650 3048 1791 3102 enim
1838 3046 2038 3099 utilitas

463 3165 541 3212 tot
566 3150 886 3210 talentorum
907 3191 923 3217 ,
950 3161 1003 3204 et
1034 3156 1193 3202 tantm
1222 3142 1498 3214 pecunim?
1522 3138 1767 3193 Profecto
1789 3178 1804 3203 ,
1832 3135 2036 3205 inquit,

465 3260 709 3316 magnam
738 3242 938 3313 praabct
958 3239 1189 3293 lii-titiam
1212 3234 1497 3305 possessio.
1521 3229 1744 3296 Qualem
1778 3226 2040 3280 laztitiam?

471 3337 540 3392 Et
593 3334 717 3405 quid
777 3333 897 3387 dico
952 3327 1232 3385 lmtitiam?
1275 3325 1463 3381 Nonne
1502 3322 1732 3377 maxime
1775 3320 2040 3387 intempe-

472 3429 663 3485 stivam
691 3423 953 3479 tristitiam
980 3429 1031 3475 et
1054 3431 1335 3473 mterorem
1359 3414 1581 3469 multum
1609 3409 1785 3480 parit?
1806 3408 2039 3462 nondum

472 3520 590 3576 ilico
634 3530 876 3587 magnam
918 3514 1059 3568 illam
1102 3519 1155 3565 et
1195 3511 1246 3564 in
1290 3508 1470 3562 futuro
1504 3505 1788 3573 repositam
1829 3507 2043 3570 propter

472 3614 616 3683 ipsas
663 3622 871 3680 poenam
907 3605 1041 3661 :sed
1087 3603 1153 3658 de
1197 3603 1279 3656 his
1312 3602 1501 3669 loquor
1538 3615 1655 3668 qua:
1701 3597 1754 3650 in
1794 3593 2044 3665 przesenti

473 3704 576 3757 vita
596 3701 926 3768 contingunt,
962 3710 1152 3763 nempe
1182 3708 1247 3748 ne
1274 3692 1601 3760 voluptatem
1641 3686 1855 3757 quidem
1881 3686 2042 3739 ullam

481 3794 619 3849 hanc
647 3806 773 3847 vere
804 3789 1000 3843 habere
1028 3799 1206 3856 posse,
1238 3782 1331 3837 sed
1362 3781 1537 3851 potius
1566 3777 1904 3849 quotidianas
1937 3786 2046 3829 tur-

472 3885 710 3941 bationes
736 3890 789 3936 et
814 3876 1214 3933 amaritudines.
1263 3872 1371 3927 Nec
1397 3886 1543 3926 mare
1583 3868 1831 3924 ﬂuctibus
1861 3867 1932 3920 ita
1965 3865 2045 3918 iu-

477 3972 744 4035 tumescit,
770 3981 831 4025 ut
869 3969 1027 4023 talem
1066 3967 1298 4019 animam
1323 3978 1353 4017 a
1377 3961 1788 4031 cogitationibus
1824 3967 1878 4011 et
1918 3955 2046 4010 all‘c-

480 4065 748 4121 ctionibus
777 4059 1038 4119 infestari,
1062 4065 1115 4109 et
1144 4056 1195 4109 in
1229 4066 1416 4107 omnes
1442 4061 1550 4105 tam
1575 4064 1712 4103 suos.
1735 4062 1890 4117 quam
1920 4047 2049 4100 alie-

476 4164 577 4210 nos
599 4152 735 4208 male
756 4150 896 4205 allici
922 4147 1180 4202 videmus.
1207 4144 1276 4198 Et
1297 4143 1342 4197 si
1367 4140 1580 4211 quando
1609 4149 1812 4208 partem
1832 4136 2046 4190 illorum

474 4244 679 4299 auferat
708 4238 940 4309 aliquis:
972 4234 1136 4290 multa
1168 4233 1313 4288 enim
1350 4231 1615 4297 accidunt,
1644 4236 1699 4283 et
1728 4227 1877 4282 multi
1910 4226 2038 4280 insi-

476 4336 706 4396 diantur,
737 4340 928 4400 nempe
956 4326 1272 4383 famulorum
1302 4322 1624 4392 malignitas.
1651 4318 2051 4391 potentiamque

479 4426 762 4489 violentia;
796 4432 919 4479 tunc
956 4422 1137 4491 utique
1171 4418 1411 4473 invenies
1440 4416 1561 4471 illos
1586 4414 1748 4468 vitam
1779 4413 1877 4467 sibi
1903 4424 2056 4466 acer-

482 4523 601 4574 ltam
628 4517 842 4571 ducere.
865 4507 1120 4581 Qualibus
1154 4509 1316 4581 igitur
1355 4506 1604 4563 lamentis
1626 4506 1764 4559 tales
1803 4519 1908 4558 non
1940 4501 2052 4557 fue-

482 4613 591 4667 rint
610 4609 774 4680 digni,
798 4606 887 4677 qui
910 4606 1084 4659 omnia
1105 4602 1278 4657 facere
1299 4601 1516 4656 student
1535 4613 1655 4667 quin
1680 4596 1780 4652 sibi
1805 4605 2050 4655 noceant,

479 4706 533 4758 et
570 4703 623 4756 in
653 4698 941 4771 perniciem
981 4694 1174 4749 anima:
1208 4709 1321 4748 sure
1366 4690 1486 4745 talia
1530 4688 1782 4756 colligere
1823 4683 2051 4740 volunt?

480 4782 702 4859 Verum,
734 4795 778 4849 si
803 4791 1034 4855 videtur,
1065 4789 1258 4843 talibus
1291 4786 1493 4841 relictis
1528 4781 1593 4835 ad
1626 4781 1904 4834 historiam
1922 4775 2050 4846 justi

487 4887 642 4958 hujus
684 4885 988 4948 redeamus,
1019 4892 1074 4937 et
1130 4880 1403 4934 videamus
1453 4872 1788 4944 sequentium
1834 4869 2049 4924 seriem.

487 4979 692 5041 Erexit,
723 4975 911 5046 inquit,
941 4973 1104 5027 altare
1125 4972 1175 5026 in
1201 4977 1357 5040 parte
1380 4966 1515 5037 agri,
1542 4971 1587 5018 at
1612 4961 1856 5016 invocavit
1892 4958 2055 5013 Deum

487 5074 649 5128 lsme‘t
672 5114 686 5136 ,
710 5081 764 5125 et
801 5077 981 5138 postea
1012 5068 1063 5123 in
1102 5065 1329 5121 Secimis
1368 5060 1694 5116 domicilium
1738 5056 1935 5112 habere
1964 5072 2045 5111 vo-

491 5166 606 5220 luit.
640 5162 743 5220 Sed
776 5162 898 5216 vide
928 5161 1120 5216 it'eru‘m
1151 5159 1416 5229 quomodo
1448 5155 1631 5224 justus
1673 5163 1727 5206 et
1776 5152 1860 5206 hic
1902 5164 2053 5204 suam

487 5255 942 5310 mansuetudinem
960 5250 1286 5307 declarat.Et
1305 5248 1429 5318 quid
1448 5246 1660 5301 accidit?
1680 5248 1729 5301 l.
1752 5236 1965 5316 Egressi:
1985 5254 2056 5298 est

488 5354 683 5411 autem,
715 5345 913 5413 inquit,
950 5343 1081 5396 Dina
1109 5341 1217 5410 ﬁlia
1245 5340 1371 5402 Line,
1402 5350 1453 5392 ut
1484 5337 1668 5391 videret
1698 5336 1831 5405 ﬁlias
1859 5335 2054 5405 indige-

488 5420 761 5488 narum.9.
790 5433 852 5487 Et
874 5442 927 5486 ιιι
956 5430 1074 5485 vidit
1103 5440 1215 5486 eam
1242 5420 1457 5499 Sych’em
1480 5420 1615 5495 ﬁlius
1650 5426 1804 5480 Etitor
1824 5465 1838 5488 ,
1867 5424 2055 5477 dormi-

487 5528 555 5579 vit
588 5540 702 5577 cum
728 5540 819 5589 ea,
852 5524 904 5579 5.
934 5532 980 5575 et
1016 5521 1193 5576 dilexit
1228 5519 1470 5588 uirginem
1490 5558 1505 5581 ,
1535 5526 1584 5571 et
1622 5517 1858 5585 loquutus
1902 5523 1971 5567 est
2011 5513 2057 5567 ei

479 5621 638 5687 juxta
678 5627 889 5669 mentem
918 5613 1126 5685 uirginis
1149 5610 1298 5682 (Cap.
1332 5611 1442 5679 5’s).
1470 5601 1659 5664 Vidisti
1696 5616 1950 5678 quantum
1990 5606 2057 5658 sit

482 5711 733 5779 juventus
762 5709 979 5775 malum,
1005 5702 1217 5778 quando
1246 5712 1403 5758 rectae
1431 5701 1649 5759 rationis
1688 5699 1838 5755 freno
1882 5698 2053 5752 caret?

1110 308 1176 365 ὃ.
1216 302 1495 362 JOANNIS
1520 290 1994 356 CHRYSOSTOMI
2035 293 2351 352 AllCHlEP.
2393 288 2927 353 CONSTANTINOP.

2101 407 2245 461 Vidit
2297 408 2443 461 etiim
2497 406 2797 476 virginem,
2845 417 2899 461 et
2949 416 3090 462 totus
3138 416 3355 479 propter
3404 415 3682 478 aspectum

2098 511 2279 552 amore
2303 506 2600 567 correptus,
2632 499 3122 569 concupiscentiam
3148 513 3313 567 opere
3351 498 3678 568 complevit,

2098 596 2146 640 et
2172 587 2405 657 loquutus
2431 599 2502 643 est
2531 590 2576 641 ei
2591 589 2744 659 juxta
2764 599 2973 642 mentem
2990 587 3214 659 virginis.
3235 587 3371 655 Quid
3393 598 3505 656 est,
3534 590 3686 661 justo

2101 689 2316 733 mentem
2351 680 2605 749 uirginis?
2626 679 2888 746 Quoniam
2916 680 3125 748 juvenis
3153 688 3267 733 erat
3297 679 3481 748 puella
3500 721 3515 742 ,
3546 680 3686 747 ejus-

2105 770 2249 825 modi
2273 773 2455 839 vcrba,
2483 772 2684 841 inquit,
2712 787 2833 825 cum
2864 786 2925 826 ea
2957 770 3205 841 loquutus
3231 781 3315 826 est
3333 813 3348 835 ,
3374 786 3500 841 qua:
3544 770 3687 824 sufﬂ-

2104 862 2317 918 clebant
2363 862 2429 918 ad
2474 863 2865 918 conciliandum
2889 864 2988 919 sibi
3019 878 3157 917 eam.
3190 863 3255 918 Et
3287 865 3469 933 inquit
3495 863 3566 916 ad
3601 878 3683 931 pa.

2109 964 2240 1008 trem
2266 970 2280 1006 :
2308 953 2361 1005 ι.
2392 953 2573 1023 Accipe
2600 954 2726 1005 mihi
2750 953 2968 1022 puellum
2999 953 3134 1005 hanc
3178 955 3230 1005 in
3259 964 3500 1006 uxorem.
3532 954 3685 1006 Audi-

2109 1044 2384 1097 vitantem
2410 1041 2576 1097 Jacob
2601 1041 2793 1095 factum
2815 1081 2830 1107 ,
2863 1051 2916 1096 et
2944 1051 3067 1095 tunc
3094 1042 3284 1097 leviter
3325 1041 3480 1107 tulit,
3504 1052 3690 1109 ειερρο

2110 1144 2259 1219 etans
2280 1130 2501 1187 fratrum
2529 1133 2645 1201 ejus
2669 1132 2977 1187 adventum.
3009 1131 3172 1185 Erant
3197 1134 3343 1187 enim
3372 1130 3429 1184 in
3464 1134 3687 1200 pascuis.

2113 1226 2166 1279 5.
2193 1223 2259 1278 Et
2284 1224 2442 1285 siluit,
2476 1223 2684 1293 inquit,
2714 1222 2874 1275 Jacob
2894 1263 2908 1287 ,
2933 1221 3092 1275 donec
3118 1222 3343 1276 venirent
3370 1222 3473 1274 illi.
3496 1221 3557 1275 6.
3578 1220 3691 1275 Cm

2114 1328 2278 1371 autem
2307 1317 2514 1370 venisset
2542 1314 2699 1367 Entor
2723 1313 2791 1367 ad
2819 1313 3008 1376 Iacob,
3038 1313 3089 1366 7.
3118 1321 3360 1366 venerunt
3411 1322 3465 1366 et
3524 1312 3696 1381 fratres

2118 1407 2288 1475 Dirue,
2317 1417 2361 1461 et
2380 1423 2494 1459 cum
2522 1405 2824 1459 audivissent
2854 1416 2983 1471 qutz-
3003 1404 3138 1472 facta
3176 1413 3321 1456 erant
3362 1404 3537 1455 sorori
3565 1418 3693 1461 sate,

2118 1497 2400 1568 compuncti
2427 1506 2561 1550 sunt.
2580 1493 2720 1560 Quid
2762 1503 2844 1549 est
2864 1537 2879 1561 ,
2908 1494 3191 1563 compuntti
3214 1505 3330 1547 sunt
3349 1493 3377 1546 2
3404 1493 3699 1545 contrismti

2119 1598 2265 1653 sunt,
2298 1597 2517 1658 remque
2549 1586 2941 1641 intolerabilem
2970 1594 3088 1639 esse
3117 1594 3452 1653 putaverunt
3495 1594 3552 1637 et
3590 1598 3697 1651 gra-

2124 1680 2394 1734 vissimam
2421 1719 2437 1741 ,
2465 1687 2681 1746 eratque
2710 1677 2787 1730 eis
2817 1675 3075 1730 mmrendi
3106 1688 3291 1743 magna
3319 1675 3569 1726 oet-aSio.
3596 1672 3699 1723 tta-

2122 1785 2222 1840 gna
2244 1769 2395 1835 enim,
2428 1767 2618 1836 inquit,
2642 1780 2724 1819 eos
2771 1766 2973 1818 tristitia
3000 1764 3267 1835 apii-iebat,
3297 1763 3444 1831 quod
3477 1776 3587 1815 rem
3612 1772 3703 1812 tar-

2124 1874 2237 1928 pem
2265 1862 2451 1928 fecerat
2478 1858 2529 1910 in
2559 1854 2963 1926 IsraelSychem
2984 1897 2996 1918 ,
3025 1853 3109 1925 qui
3128 1853 3441 1907 darmiaerat
3468 1868 3589 1904 cum
3609 1853 3704 1919 ﬁlis

2124 1948 2305 2001 Iacob.
2357 1947 2517 2003 Vides
2572 1947 2801 2001 filiorum
2837 1944 3263 2000 continentiam?
3312 1943 3704 2012 turpitudinem

2128 2041 2411 2093 maximam
2439 2037 2540 2092 hoc
2577 2036 2771 2091 factum
2799 2035 3163 2105 reputabant?
3204 2034 3399 2088 Vidisti
3444 2034 3707 2104 quomodo

2125 2134 2303 2204 justus
2337 2147 2531 2203 pueros
2576 2145 2703 2187 suos
2745 2131 2937 2186 erudiit
2984 2129 3049 2184 ad
3104 2129 3399 2181 virtutem?
3434 2126 3707 2194 Quomodo

2132 2228 2256 2280 item
2291 2225 2429 2279 filius
2458 2225 2622 2278 Emor
2649 2238 2801 2278 suam
2838 2222 3327 2290 concupiscentiam
3375 2236 3551 2289 opere
3577 2235 3704 2273 com-

2134 2317 2285 2387 plens
2305 2357 2320 2383 ,
2350 2315 2411 2369 tit
2450 2314 2587 2385 patri
2619 2323 2676 2369 et
2701 2314 2795 2367 ιοῑί
2824 2314 3024 2369 civitati
3056 2312 3312 2381 perniciei
3347 2322 3551 2364 auctor
3571 2314 3595 2362 2
3621 2312 3704 2362 εει]

2136 2409 2283 2477 prius
2305 2406 2584 2461 audiamus
2607 2421 2726 2475 qua:
2749 2406 2913 2459 Emor
2944 2404 3008 2457 ad
3057 2418 3149 2457 eos
3174 2403 3376 2456 dixerit
3400 2444 3415 2462 ,
3451 2412 3509 2455 et
3540 2410 3705 2472 postea

2134 2499 2316 2555 scietis
2344 2492 2567 2554 fratrum
2590 2497 2739 2552 Dina:
2777 2496 3066 2551 versutiam
3090 2538 3102 2559 ,
3131 2502 3185 2547 et
3232 2492 3520 2562 quomodo
3559 2492 3708 2544 vindl-

2134 2596 2259 2648 'care
2290 2589 2606 2647 studuerunt
2632 2589 2873 2659 injuriam
2899 2590 3067 2643 sorori
3100 2590 3321 2642 illatam.
3357 2588 3415 2640 8.
3452 2582 3525 2639 Et
3548 2588 3703 2652 loquax

2138 2694 2219 2738 tus
2247 2693 2320 2738 est
2359 2684 2429 2737 eis
2455 2681 2611 2735 Emor
2649 2682 2815 2734 dicens
2839 2699 2857 2735 :
2882 2681 3098 2751 Sychem
3131 2678 3266 2747 filius
3295 2694 3445 2731 meus
3474 2677 3712 2744 pra-elegit

2137 2776 2311 2830 animo
2350 2775 2511 2843 filiam
2540 2782 2773 2827 vestram.
2801 2772 2934 2825 Vide
2960 2770 3226 2840 quomodo
3270 2769 3384 2837 jam
3442 2768 3713 2835 pra-signat

2142 2866 2435 2938 perniciem
2478 2880 2537 2919 se
2565 2862 3097 2932 comprehensuratu.
3130 2859 3401 2929 Prwelegit
3430 2858 3586 2910 enim
3607 2899 3621 2920 ,
3652 2857 3713 2907 iu-

2141 2956 2525 3029 quit,anima:
2555 2955 2657 3009 hoc
2704 2964 2808 3019 est,
2836 2956 3068 3007 animam
3119 2966 3267 3005 suam
3322 2950 3587 3018 exposuit
3637 2963 3715 3014 pro

2144 3050 2247 3105 lilia
2299 3062 2499 3104 vestra.
2550 3048 2644 3103 llle
2704 3046 2917 3115 quidem
2971 3044 3185 3099 diccbat
3228 3042 3714 3110 concupiscentiam

2143 3140 2278 3209 ejus,
2303 3154 2459 3208 quam
2489 3151 2614 3206 erga
2645 3136 2875 3205 puellam
2909 3134 3135 3187 habebat
3161 3150 3173 3184 :
3200 3135 3360 3201 paulo
3390 3145 3523 3201 post
3557 3144 3715 3184 autem

2142 3234 2346 3298 didicit,
2379 3232 2516 3285 banc
2544 3247 2655 3284 sum
2680 3239 2733 3284 et
2757 3229 2992 3282 omnium
3025 3228 3112 3295 qui
3144 3226 3212 3278 ibi
3240 3235 3433 3288 erant,
3470 3224 3717 3291 perditio-

2144 3328 2228 3381 nis
2280 3326 2396 3380 fore
2440 3324 2799 3379 occasionem.
2832 3321 2964 3389 Quia
3006 3320 3167 3387 igitur
3204 3318 3294 3370 ille
3345 3296 3629 3384 virginem
3656 3317 3720 3366 sic

2144 3416 2441 3485 deperibat,
2470 3414 2616 3479 Date,
2644 3413 2831 3480 inquit,
2856 3413 3006 3465 istam
3027 3410 3103 3462 illi
3130 3424 3359 3467 uxorem,
3387 3407 3447 3462 9.
3483 3416 3530 3457 et
3564 3407 3719 3475 «ﬁni.

2146 3517 2296 3561 tatem
2327 3506 2605 3559 contra/tite
2638 3505 2894 3558 nobiscum
2916 3517 2936 3556 :
2963 3502 3096 3570 ﬁlias
3123 3512 3307 3552 vestras
3329 3500 3454 3549 date
3490 3496 3664 3557 nobis,
3684 3505 3720 3544 et

2147 3601 2281 3669 ﬁlias
2307 3607 2503 3653 nostras
2523 3596 2732 3665 accipite
2753 3594 2870 3663 ﬁliis
2899 3592 3069 3645 vestris
3088 3632 3103 3653 ,
3129 3591 3215 3644 10.
3235 3600 3278 3641 et
3303 3590 3439 3639 inter
3466 3601 3562 3640 nos
3592 3587 3718 3637 lissi.

2148 3701 2268 3746 tate.
2288 3689 2353 3743 Et
2377 3703 2488 3741 ecce
2514 3671 2648 3739 terra
2674 3686 2780 3738 lata
2808 3694 2879 3738 est
2904 3698 3073 3735 coram
3100 3680 3233 3732 vobis
3251 3719 3266 3741 ,
3296 3677 3532 3730 habitata
3569 3688 3617 3729 et
3647 3693 3720 3725 ue-

2148 3781 2405 3853 gotiamini
2431 3781 2484 3833 in
2509 3796 2588 3845 ea,
2614 3787 2661 3830 et
2688 3778 2741 3830 in
2772 3791 2832 3830 ea
2875 3773 3206 3843 possessiones
3230 3769 3425 3822 habete.
3470 3766 3607 3821 Vide
3642 3782 3721 3834 ιιι·

2152 3888 2307 3938 trem,
2327 3879 2576 3941 quantam
2608 3876 2824 3938 propter
2850 3865 2942 3919 lilii
2971 3878 3210 3917 amorem
3238 3860 3399 3913 habet
3420 3873 3553 3927 erga
3584 3873 3723 3926 pere.

2150 3967 2332 4037 grinos
2360 3964 2759 4031 benignitatem,
2786 3969 2840 4012 ct
2865 3955 3134 4026 quomodo
3162 3969 3256 4007 eos
3302 3951 3606 4007 conciliare
3637 3950 3723 4003 sibi

2151 4058 2283 4117 vult,
2316 4055 2437 4111 data
2466 4055 2545 4109 eis
2570 4054 2623 4107 in
2648 4051 2796 4106 omni
2825 4049 3042 4119 regione
3072 4061 3167 4100 sua
3191 4053 3479 4113 potestate.
3526 4041 3596 4093 Et
3627 4042 3724 4091 ιωίε

2153 4147 2366 4218 quidem
2409 4145 2518 4214 egit
2566 4151 2758 4213 pater:
2792 4139 2931 4193 filius
2976 4146 3151 4190 autem
3197 4119 3325 4203 quia
3380 4131 3524 4185 vidit
3571 4131 3725 4199 patris

2153 4252 2278 4306 erga
2322 4233 2651 4295 sestudium,
2678 4240 2733 4285 et
2776 4226 3042 4299 quomodo
3078 4223 3253 4277 omnia
3293 4220 3479 4275 facere
3522 4230 3725 4289 paratus

2155 4328 2333 4391 fuerit,
2385 4333 2444 4379 ut
2488 4322 2797 4391 impleretur
2842 4317 2982 4387 quod
3034 4314 3301 4383 cupiebat,
3355 4310 3551 4380 adjicit
3599 4310 3723 4377 quod

2155 4433 2308 4473 suum
2354 4422 2467 4480 est,
2500 4412 2733 4480 dicitque
2760 4409 2825 4464 ad
2851 4406 3017 4463 Jacob
3045 4415 3101 4459 et
3147 4402 3213 4457 ad
3258 4402 3461 4455 fratres
3496 4400 3719 4470 puellas:

2158 4509 2180 4563 1
2196 4509 2215 4561 1
2232 4547 2242 4557 .
2261 4505 2521 4560 Inveniam
2548 4502 2763 4575 gratiam
2779 4514 2950 4553 coram
2965 4496 3123 4561 vobis,
3138 4504 3187 4547 et
3205 4491 3453 4561 quidquid
3480 4492 3721 4544 dixerim.

2157 4601 2425 4655 dabimus:
2463 4596 2549 4651 12.
2589 4592 2924 4663 Multiplicate
2967 4587 3166 4650 dotem,
3192 4595 3240 4638 et
3283 4582 3415 4636 dabo
3456 4582 3723 4635 secundet:

2156 4692 2289 4762 quod
2309 4687 2534 4744 dixeritis
2559 4685 2761 4750 milti,et
2786 4682 2967 4736 dabitis
2995 4678 3113 4732 mihi
3132 4676 3349 4747 puellam
3371 4673 3509 4725 hanc
3535 4674 3589 4724 in
3615 4689 3725 4724 ..τρε

2159 4798 2283 4838 rem.
2312 4778 2501 4834 Vidisti
2533 4785 2735 4847 patrem
2760 4782 2975 4841 propter
2999 4767 3231 4823 studium
3260 4773 3316 4817 et
3352 4778 3545 4817 curam
3574 4764 3629 4814 in
3676 4764 3722 4811 ti.

2158 4876 2289 4932 lium
2340 4871 2534 4928 obnixe
2586 4864 2813 4939 precari,
2859 4862 3217 4933 juvenemque
3264 4864 3517 4927 prompte
3558 4858 3724 4907 omnia

2160 4965 2493 5038 promittere,
2525 4970 2581 5015 ut
2608 4958 2782 5029 puella
2809 4951 3109 5027 potiretur?

2231 5059 2284 5114 5.
2307 5056 2430 5111 ﬂare
2455 5052 2617 5118 enim,
2642 5049 2755 5103 hmc
2783 5045 3074 5116 perniciosa
3105 5036 3317 5095 ati‘ectio
3340 5037 3526 5091 omnia
3564 5036 3724 5089 enasci.

2162 5148 2355 5221 pienda
2385 5144 2605 5201 libidine
2634 5138 2893 5195 difﬂuenti
2919 5133 3227 5205 persuadet,
3259 5129 3431 5184 donec
3460 5126 3522 5181 in
3546 5126 3725 5181 inferi-3

2162 5220 2484 5311 profundum
2523 5235 2698 5290 ducat.
2755 5232 2822 5285 Et
2864 5228 3017 5289 vide,
3049 5227 3272 5279 obsecro
3316 5237 3332 5271 :
3384 5222 3571 5274 senior
3620 5220 3724 5287 qui.

2160 5334 2281 5389 dem
2307 5330 2471 5386 Jacob
2497 5328 2609 5383 lucc
2628 5324 2848 5379 audiens
2869 5323 3009 5384 silet,
3023 5330 3075 5374 et
3094 5334 3185 5387 pro
3210 5331 3303 5369 sua
3325 5311 3721 5366 mansiietudiae

2162 5425 2293 5480 nihil
2322 5422 2585 5493 loquitur:
2613 5420 2706 5473 sed
2733 5418 2838 5469 vim
2866 5415 2985 5467 ﬁlim
3011 5413 3195 5466 factam
3218 5406 3485 5477 patienter
3501 5402 3627 5457 fert.
3654 5402 3722 5454 Π

2164 5516 2287 5570 Filii
2313 5523 2481 5568 autem
2508 5508 2667 5564 Jacob
2706 5508 2940 5560 dixerunt
2969 5501 3184 5573 Sycltem
3209 5507 3258 5551 et
3288 5496 3445 5549 Emor
3469 5493 3606 5563 patri
3634 5494 3719 5555 eia

2164 5607 2353 5671 dolose,
2384 5613 2431 5659 et
2461 5601 2651 5671 laquuti
2675 5608 2793 5653 sunt
2826 5596 2948 5659 illis,
2982 5590 3110 5661 quod
3137 5588 3512 5658 eoinquinarint
3558 5584 3723 5636 Dina:

2165 5713 2386 5754 sororem
2406 5709 2568 5749 suam.
2596 5687 2886 5747 Considera
2917 5686 3001 5740 bic
3044 5677 3309 5753 quomodo
3339 5685 3562 5750 propter
3582 5674 3724 5728 uniti
